,代码,日期,时间,现价,当笔成交量,当笔成交金额,成交笔数,IOPV(基金)利息(债券),成交标志,BS标志,当日累计成交量,当日成交额（元）,加权平均叫卖价（上海L2）,加权平均叫买价（上海L2）,叫卖总量（上海L2）,叫买总量（上海L2）,买一价,买一量,卖一价,卖一量,买二价,买二量,卖二价,卖二量,买三价,买三量,卖三价,卖三量,买四价,买四量,卖四价,卖四量,买五价,买五量,卖五价,卖五量,买六价,买六量,卖六价,卖六量,买七价,买七量,卖七价,卖七量,买八价,买八量,卖八价,卖八量,买九价,买九量,卖九价,卖九量,买十价,买十量,卖十价,卖十量
0,,2016-03-01,08:43:35.000,0.0,0,0,0,0,0,32,0,0,0.0,0.0,0,0,0.0,0,0.0,0,0.0,0,0.0,0,0.0,0,0.0,0,0.0,0,0.0,0,0.0,0,0.0,0,0.0,0,0.0,0,0.0,0,0.0,0,0.0,0,0.0,0,0.0,0,0.0,0,0.0,0,0.0,0
1,2095.0,2016-03-01,09:15:10.240,0.0,0,0,0,0,0,32,0,0,0.0,0.0,0,0,55.0,20600,55.0,20600,0.0,200,0.0,0,0.0,0,0.0,0,0.0,0,0.0,0,0.0,0,0.0,0,0.0,0,0.0,0,0.0,0,0.0,0,0.0,0,0.0,0,0.0,0,0.0,0,0.0,0,0.0,0
2,2095.0,2016-03-01,09:15:42.200,0.0,0,0,0,0,0,32,0,0,0.0,0.0,0,0,55.0,20800,55.0,20800,0.0,0,0.0,1500,0.0,0,0.0,0,0.0,0,0.0,0,0.0,0,0.0,0,0.0,0,0.0,0,0.0,0,0.0,0,0.0,0,0.0,0,0.0,0,0.0,0,0.0,0,0.0,0
3,2095.0,2016-03-01,09:15:50.140,0.0,0,0,0,0,0,32,0,0,0.0,0.0,0,0,55.0,20800,55.0,20800,0.0,0,0.0,4800,0.0,0,0.0,0,0.0,0,0.0,0,0.0,0,0.0,0,0.0,0,0.0,0,0.0,0,0.0,0,0.0,0,0.0,0,0.0,0,0.0,0,0.0,0,0.0,0
4,2095.0,2016-03-01,09:16:01.100,0.0,0,0,0,0,0,32,0,0,0.0,0.0,0,0,55.0,20800,55.0,20800,0.0,0,0.0,9300,0.0,0,0.0,0,0.0,0,0.0,0,0.0,0,0.0,0,0.0,0,0.0,0,0.0,0,0.0,0,0.0,0,0.0,0,0.0,0,0.0,0,0.0,0,0.0,0
5,2095.0,2016-03-01,09:16:12.110,0.0,0,0,0,0,0,32,0,0,0.0,0.0,0,0,55.0,21700,55.0,21700,0.0,0,0.0,11000,0.0,0,0.0,0,0.0,0,0.0,0,0.0,0,0.0,0,0.0,0,0.0,0,0.0,0,0.0,0,0.0,0,0.0,0,0.0,0,0.0,0,0.0,0,0.0,0
6,2095.0,2016-03-01,09:16:21.600,0.0,0,0,0,0,0,32,0,0,0.0,0.0,0,0,55.0,21700,55.0,21700,0.0,0,0.0,17600,0.0,0,0.0,0,0.0,0,0.0,0,0.0,0,0.0,0,0.0,0,0.0,0,0.0,0,0.0,0,0.0,0,0.0,0,0.0,0,0.0,0,0.0,0,0.0,0
7,2095.0,2016-03-01,09:16:30.070,0.0,0,0,0,0,0,32,0,0,0.0,0.0,0,0,55.0,20800,55.0,20800,0.0,0,0.0,25300,0.0,0,0.0,0,0.0,0,0.0,0,0.0,0,0.0,0,0.0,0,0.0,0,0.0,0,0.0,0,0.0,0,0.0,0,0.0,0,0.0,0,0.0,0,0.0,0
8,2095.0,2016-03-01,09:16:41.650,0.0,0,0,0,0,0,32,0,0,0.0,0.0,0,0,55.0,20800,55.0,20800,0.0,0,0.0,26300,0.0,0,0.0,0,0.0,0,0.0,0,0.0,0,0.0,0,0.0,0,0.0,0,0.0,0,0.0,0,0.0,0,0.0,0,0.0,0,0.0,0,0.0,0,0.0,0
9,2095.0,2016-03-01,09:16:54.550,0.0,0,0,0,0,0,32,0,0,0.0,0.0,0,0,55.0,20800,55.0,20800,0.0,0,0.0,25600,0.0,0,0.0,0,0.0,0,0.0,0,0.0,0,0.0,0,0.0,0,0.0,0,0.0,0,0.0,0,0.0,0,0.0,0,0.0,0,0.0,0,0.0,0,0.0,0
10,2095.0,2016-03-01,09:17:01.870,0.0,0,0,0,0,0,32,0,0,0.0,0.0,0,0,55.0,20800,55.0,20800,0.0,0,0.0,28700,0.0,0,0.0,0,0.0,0,0.0,0,0.0,0,0.0,0,0.0,0,0.0,0,0.0,0,0.0,0,0.0,0,0.0,0,0.0,0,0.0,0,0.0,0,0.0,0
11,2095.0,2016-03-01,09:17:10.800,0.0,0,0,0,0,0,32,0,0,0.0,0.0,0,0,55.0,20800,55.0,20800,0.0,0,0.0,33600,0.0,0,0.0,0,0.0,0,0.0,0,0.0,0,0.0,0,0.0,0,0.0,0,0.0,0,0.0,0,0.0,0,0.0,0,0.0,0,0.0,0,0.0,0,0.0,0
12,2095.0,2016-03-01,09:17:20.570,0.0,0,0,0,0,0,32,0,0,0.0,0.0,0,0,55.0,20800,55.0,20800,0.0,0,0.0,38700,0.0,0,0.0,0,0.0,0,0.0,0,0.0,0,0.0,0,0.0,0,0.0,0,0.0,0,0.0,0,0.0,0,0.0,0,0.0,0,0.0,0,0.0,0,0.0,0
13,2095.0,2016-03-01,09:17:29.170,0.0,0,0,0,0,0,32,0,0,0.0,0.0,0,0,55.0,20900,55.0,20900,0.0,0,0.0,48200,0.0,0,0.0,0,0.0,0,0.0,0,0.0,0,0.0,0,0.0,0,0.0,0,0.0,0,0.0,0,0.0,0,0.0,0,0.0,0,0.0,0,0.0,0,0.0,0
14,2095.0,2016-03-01,09:17:45.770,0.0,0,0,0,0,0,32,0,0,0.0,0.0,0,0,54.99,20900,54.99,20900,0.0,0,0.0,1700,0.0,0,0.0,0,0.0,0,0.0,0,0.0,0,0.0,0,0.0,0,0.0,0,0.0,0,0.0,0,0.0,0,0.0,0,0.0,0,0.0,0,0.0,0,0.0,0
15,2095.0,2016-03-01,09:17:53.280,0.0,0,0,0,0,0,32,0,0,0.0,0.0,0,0,54.96,20900,54.96,20900,0.0,0,0.0,0,0.0,0,0.0,0,0.0,0,0.0,0,0.0,0,0.0,0,0.0,0,0.0,0,0.0,0,0.0,0,0.0,0,0.0,0,0.0,0,0.0,0,0.0,0,0.0,0
16,2095.0,2016-03-01,09:18:02.450,0.0,0,0,0,0,0,32,0,0,0.0,0.0,0,0,54.97,21000,54.97,21000,0.0,0,0.0,1000,0.0,0,0.0,0,0.0,0,0.0,0,0.0,0,0.0,0,0.0,0,0.0,0,0.0,0,0.0,0,0.0,0,0.0,0,0.0,0,0.0,0,0.0,0,0.0,0
17,2095.0,2016-03-01,09:18:11.410,0.0,0,0,0,0,0,32,0,0,0.0,0.0,0,0,54.93,21000,54.93,21000,0.0,0,0.0,1600,0.0,0,0.0,0,0.0,0,0.0,0,0.0,0,0.0,0,0.0,0,0.0,0,0.0,0,0.0,0,0.0,0,0.0,0,0.0,0,0.0,0,0.0,0,0.0,0
18,2095.0,2016-03-01,09:18:21.140,0.0,0,0,0,0,0,32,0,0,0.0,0.0,0,0,54.9,21000,54.9,21000,0.0,0,0.0,400,0.0,0,0.0,0,0.0,0,0.0,0,0.0,0,0.0,0,0.0,0,0.0,0,0.0,0,0.0,0,0.0,0,0.0,0,0.0,0,0.0,0,0.0,0,0.0,0
19,2095.0,2016-03-01,09:18:31.320,0.0,0,0,0,0,0,32,0,0,0.0,0.0,0,0,54.9,21000,54.9,21000,0.0,0,0.0,4700,0.0,0,0.0,0,0.0,0,0.0,0,0.0,0,0.0,0,0.0,0,0.0,0,0.0,0,0.0,0,0.0,0,0.0,0,0.0,0,0.0,0,0.0,0,0.0,0
20,2095.0,2016-03-01,09:18:45.610,0.0,0,0,0,0,0,32,0,0,0.0,0.0,0,0,54.9,21000,54.9,21000,0.0,0,0.0,8400,0.0,0,0.0,0,0.0,0,0.0,0,0.0,0,0.0,0,0.0,0,0.0,0,0.0,0,0.0,0,0.0,0,0.0,0,0.0,0,0.0,0,0.0,0,0.0,0
21,2095.0,2016-03-01,09:18:54.870,0.0,0,0,0,0,0,32,0,0,0.0,0.0,0,0,54.89,20900,54.89,20900,0.0,0,0.0,500,0.0,0,0.0,0,0.0,0,0.0,0,0.0,0,0.0,0,0.0,0,0.0,0,0.0,0,0.0,0,0.0,0,0.0,0,0.0,0,0.0,0,0.0,0,0.0,0
22,2095.0,2016-03-01,09:19:02.910,0.0,0,0,0,0,0,32,0,0,0.0,0.0,0,0,54.87,20900,54.87,20900,0.0,0,0.0,950,0.0,0,0.0,0,0.0,0,0.0,0,0.0,0,0.0,0,0.0,0,0.0,0,0.0,0,0.0,0,0.0,0,0.0,0,0.0,0,0.0,0,0.0,0,0.0,0
23,2095.0,2016-03-01,09:19:11.610,0.0,0,0,0,0,0,32,0,0,0.0,0.0,0,0,54.83,20900,54.83,20900,0.0,0,0.0,150,0.0,0,0.0,0,0.0,0,0.0,0,0.0,0,0.0,0,0.0,0,0.0,0,0.0,0,0.0,0,0.0,0,0.0,0,0.0,0,0.0,0,0.0,0,0.0,0
24,2095.0,2016-03-01,09:19:20.670,0.0,0,0,0,0,0,32,0,0,0.0,0.0,0,0,54.81,20900,54.81,20900,0.0,0,0.0,50,0.0,0,0.0,0,0.0,0,0.0,0,0.0,0,0.0,0,0.0,0,0.0,0,0.0,0,0.0,0,0.0,0,0.0,0,0.0,0,0.0,0,0.0,0,0.0,0
25,2095.0,2016-03-01,09:19:33.040,0.0,0,0,0,0,0,32,0,0,0.0,0.0,0,0,54.8,20900,54.8,20900,0.0,0,0.0,5450,0.0,0,0.0,0,0.0,0,0.0,0,0.0,0,0.0,0,0.0,0,0.0,0,0.0,0,0.0,0,0.0,0,0.0,0,0.0,0,0.0,0,0.0,0,0.0,0
26,2095.0,2016-03-01,09:19:45.440,0.0,0,0,0,0,0,32,0,0,0.0,0.0,0,0,51.0,2300,51.0,2300,0.0,1400,0.0,0,0.0,0,0.0,0,0.0,0,0.0,0,0.0,0,0.0,0,0.0,0,0.0,0,0.0,0,0.0,0,0.0,0,0.0,0,0.0,0,0.0,0,0.0,0,0.0,0
27,2095.0,2016-03-01,09:20:10.020,0.0,0,0,0,0,0,32,0,0,0.0,0.0,0,0,51.0,2300,51.0,2300,0.0,1500,0.0,0,0.0,0,0.0,0,0.0,0,0.0,0,0.0,0,0.0,0,0.0,0,0.0,0,0.0,0,0.0,0,0.0,0,0.0,0,0.0,0,0.0,0,0.0,0,0.0,0
28,2095.0,2016-03-01,09:20:21.980,0.0,0,0,0,0,0,32,0,0,0.0,0.0,0,0,51.0,2300,51.0,2300,0.0,1800,0.0,0,0.0,0,0.0,0,0.0,0,0.0,0,0.0,0,0.0,0,0.0,0,0.0,0,0.0,0,0.0,0,0.0,0,0.0,0,0.0,0,0.0,0,0.0,0,0.0,0
29,2095.0,2016-03-01,09:20:33.740,0.0,0,0,0,0,0,32,0,0,0.0,0.0,0,0,51.0,2300,51.0,2300,0.0,7300,0.0,0,0.0,0,0.0,0,0.0,0,0.0,0,0.0,0,0.0,0,0.0,0,0.0,0,0.0,0,0.0,0,0.0,0,0.0,0,0.0,0,0.0,0,0.0,0,0.0,0
30,2095.0,2016-03-01,09:20:42.270,0.0,0,0,0,0,0,32,0,0,0.0,0.0,0,0,51.01,2300,51.01,2300,0.0,100,0.0,0,0.0,0,0.0,0,0.0,0,0.0,0,0.0,0,0.0,0,0.0,0,0.0,0,0.0,0,0.0,0,0.0,0,0.0,0,0.0,0,0.0,0,0.0,0,0.0,0
31,2095.0,2016-03-01,09:20:50.900,0.0,0,0,0,0,0,32,0,0,0.0,0.0,0,0,51.01,2300,51.01,2300,0.0,200,0.0,0,0.0,0,0.0,0,0.0,0,0.0,0,0.0,0,0.0,0,0.0,0,0.0,0,0.0,0,0.0,0,0.0,0,0.0,0,0.0,0,0.0,0,0.0,0,0.0,0
32,2095.0,2016-03-01,09:21:02.590,0.0,0,0,0,0,0,32,0,0,0.0,0.0,0,0,51.01,2500,51.01,2500,0.0,200,0.0,0,0.0,0,0.0,0,0.0,0,0.0,0,0.0,0,0.0,0,0.0,0,0.0,0,0.0,0,0.0,0,0.0,0,0.0,0,0.0,0,0.0,0,0.0,0,0.0,0
33,2095.0,2016-03-01,09:21:12.530,0.0,0,0,0,0,0,32,0,0,0.0,0.0,0,0,51.01,2500,51.01,2500,0.0,500,0.0,0,0.0,0,0.0,0,0.0,0,0.0,0,0.0,0,0.0,0,0.0,0,0.0,0,0.0,0,0.0,0,0.0,0,0.0,0,0.0,0,0.0,0,0.0,0,0.0,0
34,2095.0,2016-03-01,09:21:25.060,0.0,0,0,0,0,0,32,0,0,0.0,0.0,0,0,51.14,2500,51.14,2500,0.0,200,0.0,0,0.0,0,0.0,0,0.0,0,0.0,0,0.0,0,0.0,0,0.0,0,0.0,0,0.0,0,0.0,0,0.0,0,0.0,0,0.0,0,0.0,0,0.0,0,0.0,0
35,2095.0,2016-03-01,09:21:31.980,0.0,0,0,0,0,0,32,0,0,0.0,0.0,0,0,51.14,2500,51.14,2500,0.0,400,0.0,0,0.0,0,0.0,0,0.0,0,0.0,0,0.0,0,0.0,0,0.0,0,0.0,0,0.0,0,0.0,0,0.0,0,0.0,0,0.0,0,0.0,0,0.0,0,0.0,0
36,2095.0,2016-03-01,09:21:41.680,0.0,0,0,0,0,0,32,0,0,0.0,0.0,0,0,51.14,2500,51.14,2500,0.0,600,0.0,0,0.0,0,0.0,0,0.0,0,0.0,0,0.0,0,0.0,0,0.0,0,0.0,0,0.0,0,0.0,0,0.0,0,0.0,0,0.0,0,0.0,0,0.0,0,0.0,0
37,2095.0,2016-03-01,09:21:50.850,0.0,0,0,0,0,0,32,0,0,0.0,0.0,0,0,51.0,8600,51.0,8600,0.0,19500,0.0,0,0.0,0,0.0,0,0.0,0,0.0,0,0.0,0,0.0,0,0.0,0,0.0,0,0.0,0,0.0,0,0.0,0,0.0,0,0.0,0,0.0,0,0.0,0,0.0,0
38,2095.0,2016-03-01,09:22:00.600,0.0,0,0,0,0,0,32,0,0,0.0,0.0,0,0,51.0,8600,51.0,8600,0.0,19900,0.0,0,0.0,0,0.0,0,0.0,0,0.0,0,0.0,0,0.0,0,0.0,0,0.0,0,0.0,0,0.0,0,0.0,0,0.0,0,0.0,0,0.0,0,0.0,0,0.0,0
39,2095.0,2016-03-01,09:22:14.000,0.0,0,0,0,0,0,32,0,0,0.0,0.0,0,0,51.0,8600,51.0,8600,0.0,20300,0.0,0,0.0,0,0.0,0,0.0,0,0.0,0,0.0,0,0.0,0,0.0,0,0.0,0,0.0,0,0.0,0,0.0,0,0.0,0,0.0,0,0.0,0,0.0,0,0.0,0
40,2095.0,2016-03-01,09:22:23.160,0.0,0,0,0,0,0,32,0,0,0.0,0.0,0,0,51.0,8600,51.0,8600,0.0,20400,0.0,0,0.0,0,0.0,0,0.0,0,0.0,0,0.0,0,0.0,0,0.0,0,0.0,0,0.0,0,0.0,0,0.0,0,0.0,0,0.0,0,0.0,0,0.0,0,0.0,0
41,2095.0,2016-03-01,09:22:32.430,0.0,0,0,0,0,0,32,0,0,0.0,0.0,0,0,51.0,8600,51.0,8600,0.0,22500,0.0,0,0.0,0,0.0,0,0.0,0,0.0,0,0.0,0,0.0,0,0.0,0,0.0,0,0.0,0,0.0,0,0.0,0,0.0,0,0.0,0,0.0,0,0.0,0,0.0,0
42,2095.0,2016-03-01,09:22:42.190,0.0,0,0,0,0,0,32,0,0,0.0,0.0,0,0,51.0,11600,51.0,11600,0.0,20000,0.0,0,0.0,0,0.0,0,0.0,0,0.0,0,0.0,0,0.0,0,0.0,0,0.0,0,0.0,0,0.0,0,0.0,0,0.0,0,0.0,0,0.0,0,0.0,0,0.0,0
43,2095.0,2016-03-01,09:22:51.460,0.0,0,0,0,0,0,32,0,0,0.0,0.0,0,0,51.01,11800,51.01,11800,0.0,3800,0.0,0,0.0,0,0.0,0,0.0,0,0.0,0,0.0,0,0.0,0,0.0,0,0.0,0,0.0,0,0.0,0,0.0,0,0.0,0,0.0,0,0.0,0,0.0,0,0.0,0
44,2095.0,2016-03-01,09:23:09.730,0.0,0,0,0,0,0,32,0,0,0.0,0.0,0,0,51.01,12300,51.01,12300,0.0,3400,0.0,0,0.0,0,0.0,0,0.0,0,0.0,0,0.0,0,0.0,0,0.0,0,0.0,0,0.0,0,0.0,0,0.0,0,0.0,0,0.0,0,0.0,0,0.0,0,0.0,0
45,2095.0,2016-03-01,09:23:24.580,0.0,0,0,0,0,0,32,0,0,0.0,0.0,0,0,51.01,12300,51.01,12300,0.0,4400,0.0,0,0.0,0,0.0,0,0.0,0,0.0,0,0.0,0,0.0,0,0.0,0,0.0,0,0.0,0,0.0,0,0.0,0,0.0,0,0.0,0,0.0,0,0.0,0,0.0,0
46,2095.0,2016-03-01,09:23:32.980,0.0,0,0,0,0,0,32,0,0,0.0,0.0,0,0,51.01,13000,51.01,13000,0.0,5600,0.0,0,0.0,0,0.0,0,0.0,0,0.0,0,0.0,0,0.0,0,0.0,0,0.0,0,0.0,0,0.0,0,0.0,0,0.0,0,0.0,0,0.0,0,0.0,0,0.0,0
47,2095.0,2016-03-01,09:23:42.450,0.0,0,0,0,0,0,32,0,0,0.0,0.0,0,0,51.0,21000,51.0,21000,0.0,21900,0.0,0,0.0,0,0.0,0,0.0,0,0.0,0,0.0,0,0.0,0,0.0,0,0.0,0,0.0,0,0.0,0,0.0,0,0.0,0,0.0,0,0.0,0,0.0,0,0.0,0
48,2095.0,2016-03-01,09:23:51.940,0.0,0,0,0,0,0,32,0,0,0.0,0.0,0,0,51.01,21200,51.01,21200,0.0,3500,0.0,0,0.0,0,0.0,0,0.0,0,0.0,0,0.0,0,0.0,0,0.0,0,0.0,0,0.0,0,0.0,0,0.0,0,0.0,0,0.0,0,0.0,0,0.0,0,0.0,0
49,2095.0,2016-03-01,09:24:03.640,0.0,0,0,0,0,0,32,0,0,0.0,0.0,0,0,51.01,21200,51.01,21200,0.0,5300,0.0,0,0.0,0,0.0,0,0.0,0,0.0,0,0.0,0,0.0,0,0.0,0,0.0,0,0.0,0,0.0,0,0.0,0,0.0,0,0.0,0,0.0,0,0.0,0,0.0,0
50,2095.0,2016-03-01,09:24:12.070,0.0,0,0,0,0,0,32,0,0,0.0,0.0,0,0,51.01,21200,51.01,21200,0.0,6500,0.0,0,0.0,0,0.0,0,0.0,0,0.0,0,0.0,0,0.0,0,0.0,0,0.0,0,0.0,0,0.0,0,0.0,0,0.0,0,0.0,0,0.0,0,0.0,0,0.0,0
51,2095.0,2016-03-01,09:24:21.070,0.0,0,0,0,0,0,32,0,0,0.0,0.0,0,0,51.01,28700,51.01,28700,0.0,7900,0.0,0,0.0,0,0.0,0,0.0,0,0.0,0,0.0,0,0.0,0,0.0,0,0.0,0,0.0,0,0.0,0,0.0,0,0.0,0,0.0,0,0.0,0,0.0,0,0.0,0
52,2095.0,2016-03-01,09:24:31.400,0.0,0,0,0,0,0,32,0,0,0.0,0.0,0,0,51.09,28700,51.09,28700,0.0,2100,0.0,0,0.0,0,0.0,0,0.0,0,0.0,0,0.0,0,0.0,0,0.0,0,0.0,0,0.0,0,0.0,0,0.0,0,0.0,0,0.0,0,0.0,0,0.0,0,0.0,0
53,2095.0,2016-03-01,09:24:39.030,0.0,0,0,0,0,0,32,0,0,0.0,0.0,0,0,51.05,35500,51.05,35500,0.0,500,0.0,0,0.0,0,0.0,0,0.0,0,0.0,0,0.0,0,0.0,0,0.0,0,0.0,0,0.0,0,0.0,0,0.0,0,0.0,0,0.0,0,0.0,0,0.0,0,0.0,0
54,2095.0,2016-03-01,09:24:51.840,0.0,0,0,0,0,0,32,0,0,0.0,0.0,0,0,51.05,35800,51.05,35800,0.0,600,0.0,0,0.0,0,0.0,0,0.0,0,0.0,0,0.0,0,0.0,0,0.0,0,0.0,0,0.0,0,0.0,0,0.0,0,0.0,0,0.0,0,0.0,0,0.0,0,0.0,0
55,2095.0,2016-03-01,09:25:00.360,51.05,38400,1960320,50,0,0,32,38400,1960320,55.15,50.25,217900,97600,51.05,4100,51.79,100,51.03,4200,51.92,1200,51.02,9500,51.99,500,51.01,16500,52.0,1150,51.0,24100,52.02,100,50.97,200,52.33,700,50.96,1700,52.48,500,50.95,4100,52.5,1000,50.93,200,52.65,200,50.9,100,52.7,500
56,2095.0,2016-03-01,09:25:00.360,51.05,0,0,50,0,0,32,38400,1960320,55.15,50.25,217900,97600,51.05,4100,51.79,100,51.03,4200,51.92,1200,51.02,9500,51.99,500,51.01,16500,52.0,1150,51.0,24100,52.02,100,50.97,200,52.33,700,50.96,1700,52.48,500,50.95,4100,52.5,1000,50.93,200,52.65,200,50.9,100,52.7,500
57,2095.0,2016-03-01,09:30:00.700,51.89,10400,531226,68,0,0,66,48800,2491546,55.13,50.11,222100,88600,51.1,100,51.9,2000,51.06,1000,51.92,1200,51.05,1000,51.99,800,51.03,4100,52.0,1150,51.02,1600,52.02,100,51.01,13100,52.33,700,51.0,24100,52.35,200,50.97,200,52.48,500,50.96,1700,52.5,1000,50.95,3800,52.65,200
58,2095.0,2016-03-01,09:30:06.930,51.87,22500,1165508,121,0,0,83,71300,3657054,54.88,50.64,273550,218900,51.8,300,51.87,1500,51.79,29100,51.88,500,51.77,200,51.9,3200,51.75,1000,51.91,700,51.6,100,51.92,1200,51.5,800,51.95,150,51.34,100,51.98,200,51.3,200,51.99,1400,51.2,200,52.0,8550,51.18,100,52.02,100
59,2095.0,2016-03-01,09:30:07.090,51.87,0,0,121,0,0,83,71300,3657054,54.88,50.65,273550,219900,51.8,300,51.87,1500,51.79,30100,51.88,500,51.77,200,51.9,3200,51.75,1000,51.91,700,51.6,100,51.92,1200,51.5,800,51.95,150,51.34,100,51.98,200,51.3,200,51.99,1400,51.2,200,52.0,8550,51.18,100,52.02,100
60,2095.0,2016-03-01,09:30:12.910,51.8,100,5180,122,0,0,83,71400,3662234,54.88,50.65,273550,221000,51.8,200,51.87,1500,51.79,30100,51.88,500,51.77,200,51.9,3200,51.75,1000,51.91,700,51.6,100,51.92,1200,51.5,800,51.95,150,51.49,500,51.98,200,51.34,100,51.99,1400,51.3,200,52.0,8550,51.2,200,52.02,100
61,2095.0,2016-03-01,09:30:14.890,51.87,6100,315945,127,0,0,66,77500,3978179,54.89,50.62,273150,215200,51.79,24500,51.8,100,51.77,200,51.87,1200,51.75,1000,51.88,500,51.6,100,51.9,3200,51.5,800,51.91,700,51.49,500,51.92,1200,51.34,100,51.95,150,51.3,200,51.99,1400,51.2,200,52.0,8550,51.18,100,52.02,100
62,2095.0,2016-03-01,09:30:18.960,51.8,3200,165778,137,0,0,66,80700,4143957,54.87,50.61,275150,213800,51.79,22700,51.8,1700,51.77,200,51.85,600,51.75,1000,51.87,1000,51.6,100,51.88,500,51.5,800,51.9,3200,51.49,500,51.91,700,51.34,100,51.92,1200,51.3,200,51.95,150,51.2,200,51.99,1400,51.18,100,52.0,8550
63,2095.0,2016-03-01,09:30:21.710,51.87,3400,176220,144,0,0,66,84100,4320177,54.9,50.61,271650,214200,51.87,300,51.88,500,51.79,22700,51.9,3200,51.77,200,51.91,700,51.75,1000,51.92,1200,51.6,100,51.95,150,51.5,800,51.99,1400,51.49,500,52.0,8550,51.34,100,52.02,100,51.3,200,52.05,200,51.2,200,52.3,100
64,2095.0,2016-03-01,09:30:24.760,51.79,10100,523171,159,0,0,83,94200,4843348,54.92,50.54,266650,204300,51.79,14100,51.88,500,51.77,200,51.9,3200,51.75,1000,51.91,700,51.6,100,51.92,1200,51.5,800,51.95,150,51.49,500,51.99,1400,51.34,100,52.0,6750,51.3,200,52.02,100,51.2,200,52.05,200,51.18,100,52.3,100
65,2095.0,2016-03-01,09:30:27.900,51.79,1000,51806,161,0,0,83,95200,4895154,54.92,50.54,266950,203100,51.87,600,51.88,500,51.79,12400,51.9,3200,51.77,200,51.91,700,51.75,1000,51.92,1200,51.6,100,51.95,150,51.5,800,51.99,1400,51.49,500,52.0,6750,51.34,100,52.02,100,51.3,200,52.05,200,51.2,200,52.3,200
66,2095.0,2016-03-01,09:30:30.820,51.77,13400,694046,185,0,0,83,108600,5589200,54.77,50.4,280750,190700,51.75,1000,51.77,200,51.6,100,51.79,12800,51.5,800,51.8,800,51.49,500,51.88,500,51.34,100,51.9,3200,51.3,200,51.91,700,51.2,200,51.92,1200,51.18,100,51.95,150,51.16,3500,51.99,1400,51.15,100,52.0,6650
67,2095.0,2016-03-01,09:30:34.070,51.79,21000,1086986,195,0,0,66,129600,6676186,54.81,50.32,276950,185600,51.6,100,51.79,10100,51.5,800,51.8,800,51.49,500,51.88,500,51.34,100,51.9,3200,51.3,200,51.91,700,51.2,200,51.92,1200,51.18,100,51.95,150,51.16,3500,51.99,1400,51.15,100,52.0,6650,51.12,300,52.02,100
68,2095.0,2016-03-01,09:30:36.180,51.79,800,41432,197,0,0,66,130400,6717618,54.75,50.3,282050,181600,51.6,100,51.79,14200,51.5,800,51.8,1800,51.49,500,51.88,500,51.34,100,51.9,3200,51.3,200,51.91,700,51.2,200,51.92,1200,51.18,100,51.95,150,51.16,3500,51.99,1400,51.15,100,52.0,6650,51.12,300,52.02,100
69,2095.0,2016-03-01,09:30:39.940,51.75,1900,98397,202,0,0,83,132300,6816015,54.71,50.3,285750,182900,51.75,300,51.77,500,51.7,100,51.79,17100,51.6,100,51.8,1800,51.5,800,51.88,1200,51.49,500,51.9,3200,51.34,100,51.91,700,51.3,200,51.92,1200,51.2,200,51.95,150,51.18,100,51.98,100,51.16,3500,51.99,1400
70,2095.0,2016-03-01,09:30:42.830,51.7,2000,103335,210,0,0,83,134300,6919350,54.65,50.29,290450,181700,51.5,700,51.6,200,51.49,500,51.7,2500,51.34,100,51.74,500,51.3,200,51.77,500,51.2,200,51.78,900,51.18,100,51.79,20100,51.16,3500,51.8,1000,51.15,100,51.88,1200,51.12,300,51.9,3200,51.11,500,51.91,700
71,2095.0,2016-03-01,09:30:46.070,51.5,2400,123666,216,0,0,83,136700,7043016,54.44,50.28,311900,180800,51.49,500,51.5,9500,51.34,100,51.7,2500,51.3,200,51.72,1700,51.2,200,51.74,500,51.18,100,51.75,10200,51.16,3500,51.77,500,51.15,100,51.78,950,51.12,300,51.79,20200,51.11,500,51.8,1000,51.1,17300,51.88,1200
72,2095.0,2016-03-01,09:30:48.560,51.5,3200,164800,219,0,0,66,139900,7207816,54.46,50.27,310700,178800,51.49,500,51.5,6800,51.34,100,51.7,2500,51.3,200,51.72,1700,51.2,200,51.74,500,51.18,100,51.75,10200,51.16,3500,51.77,500,51.15,100,51.78,1650,51.12,300,51.79,20700,51.11,500,51.8,1000,51.1,16400,51.88,1100
73,2095.0,2016-03-01,09:30:51.870,51.49,2300,117989,230,0,0,83,142200,7325805,54.44,50.26,313200,175500,51.16,2600,51.49,1400,51.15,100,51.5,7000,51.12,300,51.6,800,51.11,500,51.7,2500,51.1,16400,51.72,1700,51.09,6600,51.74,500,51.08,1400,51.75,10400,51.07,200,51.77,500,51.06,20000,51.78,1650,51.05,17900,51.79,20000
74,2095.0,2016-03-01,09:30:55.060,51.16,500,25679,232,0,0,83,142700,7351484,54.48,50.25,306900,173500,51.16,2400,51.4,1200,51.15,100,51.49,1100,51.12,300,51.5,8100,51.11,500,51.6,1900,51.1,15100,51.7,2500,51.09,6600,51.72,1700,51.08,1400,51.74,500,51.07,200,51.75,10400,51.06,19800,51.78,1250,51.05,17500,51.79,11200
75,2095.0,2016-03-01,09:30:57.710,51.16,0,0,232,0,0,83,142700,7351484,54.46,50.24,309600,173000,51.16,2400,51.4,1200,51.15,100,51.49,5000,51.12,300,51.5,8600,51.11,500,51.6,1700,51.1,15100,51.7,2700,51.09,6600,51.72,1700,51.08,1400,51.74,500,51.07,200,51.75,10400,51.06,19800,51.78,1250,51.05,17300,51.79,10100
76,2095.0,2016-03-01,09:31:00.850,51.49,9500,486873,253,0,0,66,152200,7838357,54.5,50.29,305300,181500,51.17,15600,51.49,2900,51.1,11500,51.5,8600,51.09,6500,51.6,600,51.08,1400,51.7,2700,51.07,200,51.72,1700,51.06,19800,51.74,500,51.05,17300,51.75,10400,51.03,5900,51.78,950,51.02,2700,51.79,10100,51.01,11700,51.8,2400
77,2095.0,2016-03-01,09:31:03.900,51.17,1150,58945,258,0,0,83,153350,7897302,54.57,50.28,297800,180250,51.17,14850,51.4,200,51.1,11500,51.48,100,51.09,6500,51.49,2900,51.08,1100,51.5,2400,51.07,200,51.6,300,51.06,19800,51.7,2700,51.05,17300,51.72,1700,51.03,5900,51.74,500,51.02,2700,51.75,10400,51.01,11700,51.78,50
78,2095.0,2016-03-01,09:31:06.730,51.17,1700,87290,264,0,0,83,155050,7984592,54.58,50.27,297200,178350,51.4,300,51.49,2500,51.17,14150,51.5,2000,51.16,100,51.6,300,51.1,11500,51.7,2700,51.09,6500,51.72,1700,51.08,1100,51.74,500,51.07,200,51.75,10400,51.06,19300,51.78,50,51.05,16800,51.79,10000,51.03,5900,51.8,2400
79,2095.0,2016-03-01,09:31:10.180,51.17,1900,97371,271,0,0,83,156950,8081963,54.59,50.27,296100,177450,51.17,13850,51.49,2800,51.16,600,51.5,2000,51.1,11500,51.6,500,51.09,6500,51.7,2500,51.08,1100,51.74,500,51.07,200,51.75,10400,51.06,19300,51.78,50,51.05,16800,51.79,10000,51.03,5900,51.8,2400,51.02,2200,51.88,200
80,2095.0,2016-03-01,09:31:13.230,51.17,2100,107682,279,0,0,83,159050,8189645,54.6,50.25,296000,175150,51.17,12750,51.49,2300,51.16,600,51.5,2000,51.1,11500,51.6,600,51.09,6500,51.7,2500,51.08,1100,51.75,10400,51.07,200,51.78,50,51.06,19200,51.79,10000,51.05,16100,51.8,2400,51.03,5900,51.88,200,51.02,2200,51.9,3900
81,2095.0,2016-03-01,09:31:15.670,51.33,400,20484,282,0,0,66,159450,8210129,54.58,50.25,298200,175150,51.2,100,51.33,200,51.17,12550,51.38,500,51.16,900,51.4,1000,51.1,11500,51.49,2100,51.09,6500,51.5,2000,51.08,1000,51.6,600,51.07,200,51.7,2500,51.06,19200,51.75,10400,51.05,16000,51.78,50,51.03,5900,51.79,9700
82,2095.0,2016-03-01,09:31:19.000,51.19,14800,758383,294,0,0,83,174250,8968512,54.58,50.22,297100,168550,51.17,6450,51.18,600,51.16,900,51.48,2800,51.1,11500,51.49,700,51.09,6300,51.5,1900,51.08,1000,51.6,600,51.07,200,51.7,2500,51.06,19200,51.75,10400,51.05,16000,51.78,50,51.03,5900,51.79,9600,51.02,2200,51.8,2400
83,2095.0,2016-03-01,09:31:22.240,51.4,800,40988,298,0,0,66,175050,9009500,54.53,50.26,306500,175450,51.19,600,51.4,5900,51.17,13550,51.48,3200,51.16,800,51.49,700,51.1,11600,51.5,1900,51.09,6300,51.6,600,51.08,1000,51.7,2500,51.07,200,51.75,10400,51.06,19100,51.78,50,51.05,15800,51.79,9600,51.03,5900,51.8,2400
84,2095.0,2016-03-01,09:31:24.780,51.19,12000,617169,314,0,0,83,187050,9626669,54.62,50.26,297000,175550,51.19,800,51.25,400,51.18,400,51.5,1900,51.17,13650,51.6,500,51.16,800,51.7,2500,51.1,11800,51.75,10400,51.09,6300,51.78,50,51.08,1000,51.79,9600,51.07,200,51.8,2400,51.06,19000,51.88,200,51.05,15600,51.9,3900
85,2095.0,2016-03-01,09:31:27.880,51.25,1700,87028,321,0,0,66,188750,9713697,54.52,50.26,307300,176250,51.18,2000,51.25,200,51.17,13550,51.4,10500,51.16,800,51.5,1700,51.1,11800,51.6,500,51.09,6300,51.7,2500,51.08,1000,51.75,10400,51.07,200,51.78,50,51.06,19000,51.79,9600,51.05,15600,51.8,2400,51.03,5900,51.88,200
86,2095.0,2016-03-01,09:31:30.800,51.25,500,25618,324,0,0,66,189250,9739315,54.55,50.26,303300,176550,51.19,100,51.4,10500,51.18,2000,51.5,1700,51.17,13450,51.6,500,51.16,800,51.7,2500,51.1,11800,51.75,10400,51.09,6300,51.78,50,51.08,1000,51.79,9600,51.07,200,51.8,2500,51.06,19000,51.88,200,51.05,15600,51.9,3900
87,2095.0,2016-03-01,09:31:33.890,51.4,1200,61680,327,0,0,66,190450,9800995,54.56,50.27,302900,175250,51.24,400,51.4,9700,51.19,100,51.5,1700,51.18,2100,51.6,500,51.17,13550,51.7,2500,51.16,800,51.75,10400,51.1,11900,51.78,50,51.09,6300,51.79,9600,51.08,1000,51.8,2500,51.07,200,51.88,200,51.06,19000,51.9,3900
88,2095.0,2016-03-01,09:31:37.040,51.19,1200,61448,333,0,0,83,191650,9862443,54.65,50.27,292900,175750,51.18,2100,51.19,200,51.17,13650,51.24,100,51.16,800,51.4,9700,51.14,1000,51.5,1800,51.1,11900,51.6,400,51.09,6300,51.7,2500,51.08,1000,51.75,200,51.07,200,51.78,50,51.06,18900,51.79,9600,51.05,14000,51.8,2500
89,2095.0,2016-03-01,09:31:40.060,51.25,900,46124,339,0,0,66,192550,9908567,54.69,50.27,289600,175350,51.25,300,51.4,9500,51.19,400,51.5,1800,51.18,2200,51.6,400,51.17,13550,51.75,200,51.16,800,51.78,50,51.14,1000,51.79,9500,51.1,11900,51.8,2500,51.09,6300,51.88,200,51.08,1000,51.9,3900,51.07,200,51.91,700
90,2095.0,2016-03-01,09:31:42.950,51.18,1800,92232,348,0,0,83,194350,10000799,54.72,50.28,286900,177250,51.18,4300,51.4,11100,51.17,13750,51.5,1300,51.16,800,51.6,400,51.14,1000,51.75,200,51.11,300,51.78,50,51.1,11900,51.79,5000,51.09,6300,51.8,2500,51.08,1000,51.88,200,51.07,200,51.9,4200,51.06,18700,51.91,700
91,2095.0,2016-03-01,09:31:46.000,51.18,2400,122901,359,0,0,83,196750,10123700,54.68,50.29,290300,179150,51.2,400,51.3,3200,51.19,100,51.4,11100,51.18,5400,51.5,1300,51.17,13750,51.6,400,51.16,800,51.69,200,51.14,1000,51.75,200,51.11,300,51.78,50,51.1,11900,51.79,5000,51.09,6300,51.8,2500,51.08,1000,51.88,200
92,2095.0,2016-03-01,09:31:49.030,51.2,200,10240,361,0,0,83,196950,10133940,54.68,50.29,290400,180750,51.2,500,51.3,3200,51.19,1200,51.4,11300,51.18,6400,51.5,1300,51.17,13750,51.6,400,51.16,800,51.69,200,51.14,1000,51.75,200,51.11,300,51.78,50,51.1,11700,51.79,5000,51.09,6300,51.8,2500,51.08,1000,51.88,200
93,2095.0,2016-03-01,09:31:51.720,51.25,700,35860,365,0,0,66,197650,10169800,54.66,50.3,296000,182350,51.2,100,51.3,3100,51.19,3200,51.4,11300,51.18,6400,51.5,1300,51.17,13750,51.6,400,51.16,800,51.69,200,51.14,1000,51.75,300,51.11,300,51.78,50,51.1,11700,51.79,5000,51.09,6300,51.8,2500,51.08,1000,51.88,200
94,2095.0,2016-03-01,09:31:54.790,51.4,8900,456643,382,0,0,66,206550,10626443,54.73,50.3,290400,181850,51.3,700,51.4,8900,51.19,2000,51.5,1300,51.18,6600,51.6,400,51.17,13750,51.69,200,51.16,800,51.75,300,51.14,1000,51.78,50,51.11,300,51.79,5000,51.1,11700,51.8,2500,51.09,6300,51.88,200,51.08,1000,51.9,4200
95,2095.0,2016-03-01,09:31:58.040,51.3,900,46170,387,0,0,83,207450,10672613,54.59,50.3,303000,181650,51.2,1500,51.3,11700,51.19,2100,51.4,8900,51.18,6600,51.5,1300,51.17,13750,51.6,400,51.16,800,51.69,200,51.14,1000,51.75,300,51.11,300,51.78,50,51.1,11600,51.79,5000,51.09,6300,51.8,2500,51.08,1000,51.88,200
96,2095.0,2016-03-01,09:32:01.230,51.2,3200,163867,396,0,0,83,210650,10836480,54.58,50.27,304100,175200,51.2,1900,51.29,100,51.19,4100,51.3,11700,51.18,6600,51.4,8900,51.17,7600,51.5,1300,51.16,800,51.6,400,51.14,1000,51.69,200,51.11,300,51.75,300,51.1,11600,51.78,50,51.09,6300,51.79,5000,51.08,1000,51.8,2500
97,2095.0,2016-03-01,09:32:03.270,51.21,2600,133115,400,0,0,66,213250,10969595,54.57,50.26,305800,173200,51.21,400,51.29,500,51.19,3500,51.3,12700,51.18,6700,51.4,8900,51.17,7600,51.5,1300,51.16,800,51.6,400,51.14,1000,51.69,400,51.11,300,51.75,300,51.1,11600,51.78,50,51.09,6300,51.79,5000,51.08,1000,51.8,2500
98,2095.0,2016-03-01,09:32:07.020,51.25,1100,56387,404,0,0,66,214350,11025982,54.57,50.27,306100,174600,51.21,200,51.29,200,51.2,100,51.3,12700,51.19,4500,51.4,9800,51.18,6700,51.5,1300,51.17,7600,51.6,400,51.16,800,51.69,400,51.15,100,51.75,300,51.14,1000,51.78,50,51.11,300,51.79,4400,51.1,11600,51.8,2500
99,2095.0,2016-03-01,09:32:09.880,51.3,5200,266660,411,0,0,66,219550,11292642,54.5,50.29,313600,178300,51.22,6200,51.3,14700,51.2,1100,51.31,700,51.19,4500,51.4,9800,51.18,6700,51.5,1300,51.17,7600,51.6,400,51.16,800,51.69,400,51.15,100,51.75,300,51.14,1000,51.78,50,51.11,300,51.79,4400,51.1,11600,51.8,2500
100,2095.0,2016-03-01,09:32:12.850,51.3,2100,107676,417,0,0,66,221650,11400318,54.52,50.29,311500,177800,51.22,5600,51.3,12900,51.2,1200,51.31,700,51.19,4500,51.4,9800,51.18,7100,51.5,1300,51.17,7600,51.6,400,51.16,800,51.69,400,51.15,100,51.75,400,51.14,1000,51.78,50,51.11,300,51.79,4400,51.1,11600,51.8,2500
101,2095.0,2016-03-01,09:32:15.370,51.22,4200,215132,421,0,0,83,225850,11615450,54.51,50.25,312100,171300,51.22,1500,51.28,300,51.21,100,51.3,12800,51.2,1200,51.31,700,51.19,4500,51.4,9800,51.18,7000,51.5,1300,51.17,7600,51.6,400,51.16,300,51.69,400,51.15,100,51.75,400,51.14,1000,51.78,50,51.11,300,51.79,4400
102,2095.0,2016-03-01,09:32:19.000,51.3,8900,456530,432,0,0,66,234750,12071980,54.59,50.26,303000,172300,51.29,500,51.3,5200,51.22,1200,51.31,700,51.21,100,51.4,9800,51.2,2400,51.5,1300,51.19,4500,51.6,400,51.18,7000,51.69,400,51.17,7600,51.75,400,51.16,300,51.78,50,51.15,100,51.79,4400,51.14,1000,51.8,2500
103,2095.0,2016-03-01,09:32:21.670,51.3,4600,235945,441,0,0,66,239350,12307925,54.63,50.21,298700,174400,51.22,900,51.3,2200,51.2,2400,51.31,700,51.19,4500,51.4,9800,51.18,6400,51.5,1300,51.17,7600,51.6,400,51.16,300,51.69,400,51.15,100,51.75,300,51.14,1000,51.78,50,51.1,9500,51.79,3400,51.09,6300,51.8,2500
104,2095.0,2016-03-01,09:32:24.860,51.2,3600,184360,451,0,0,83,242950,12492285,54.48,50.22,314900,176100,51.19,3700,51.2,14400,51.18,6200,51.25,300,51.17,7500,51.3,2000,51.16,6500,51.31,700,51.15,100,51.4,9800,51.14,1000,51.5,1300,51.1,9500,51.6,400,51.09,6300,51.69,400,51.08,1000,51.75,300,51.07,100,51.78,50
105,2095.0,2016-03-01,09:32:27.970,51.2,1600,81920,458,0,0,66,244550,12574205,54.5,50.23,313400,178400,51.19,6000,51.2,12800,51.18,6200,51.22,200,51.17,7500,51.25,300,51.16,6500,51.3,2500,51.15,100,51.31,700,51.14,1000,51.4,9800,51.1,9500,51.5,300,51.09,6300,51.6,400,51.08,1000,51.69,400,51.07,100,51.75,300
106,2095.0,2016-03-01,09:32:30.920,51.2,1200,61440,462,0,0,66,245750,12635645,54.47,50.23,316600,178000,51.19,6000,51.2,14800,51.18,6200,51.22,300,51.17,7500,51.25,300,51.16,6500,51.29,1000,51.15,100,51.3,2600,51.14,1000,51.31,700,51.1,9500,51.4,9800,51.09,6300,51.5,200,51.08,1000,51.6,400,51.07,100,51.69,400
107,2095.0,2016-03-01,09:32:32.620,51.2,2200,112640,464,0,0,66,247950,12748285,54.48,50.23,317700,177300,51.19,6000,51.2,12600,51.18,6200,51.22,300,51.17,7500,51.25,300,51.16,6500,51.29,1000,51.15,100,51.3,2600,51.14,1000,51.31,700,51.1,9600,51.4,9900,51.09,6300,51.5,200,51.08,1000,51.6,400,51.07,100,51.69,400
108,2095.0,2016-03-01,09:32:37.190,51.2,8900,455604,477,0,0,66,256850,13203889,54.53,50.18,312300,169500,51.18,5400,51.2,7500,51.17,7400,51.22,300,51.16,6500,51.25,300,51.15,100,51.29,1000,51.14,1000,51.3,2700,51.1,9600,51.31,700,51.09,6300,51.4,9900,51.08,1000,51.5,200,51.07,100,51.6,400,51.06,18200,51.69,400
109,2095.0,2016-03-01,09:32:39.950,51.19,3200,163805,485,0,0,83,260050,13367694,54.53,50.14,312700,162400,51.18,3800,51.19,1700,51.17,7400,51.2,6200,51.16,6500,51.22,300,51.15,100,51.25,300,51.14,1000,51.29,1000,51.1,9600,51.3,3100,51.09,1300,51.31,700,51.08,1000,51.4,9000,51.07,100,51.5,200,51.06,18100,51.6,400
110,2095.0,2016-03-01,09:32:42.760,51.2,5700,291807,497,0,0,66,265750,13659501,54.58,50.1,307900,155200,51.18,3000,51.2,3000,51.17,7400,51.22,300,51.16,6500,51.25,300,51.15,100,51.29,1100,51.14,1000,51.3,3100,51.1,9600,51.31,700,51.09,200,51.4,9000,51.08,1000,51.5,200,51.07,100,51.6,400,51.06,18100,51.69,400
111,2095.0,2016-03-01,09:32:45.790,51.19,3400,174031,503,0,0,83,269150,13833532,54.54,50.09,312300,153300,51.18,1300,51.19,4100,51.17,7400,51.2,3000,51.16,6500,51.22,300,51.15,100,51.25,300,51.14,1000,51.29,1100,51.1,9600,51.3,3100,51.09,200,51.31,700,51.08,1000,51.4,9000,51.07,100,51.5,400,51.06,18100,51.6,400
112,2095.0,2016-03-01,09:32:48.950,51.3,9500,486505,524,0,0,66,278650,14320037,54.64,50.1,302500,156400,51.23,600,51.3,2700,51.2,1300,51.31,700,51.18,1200,51.4,9000,51.17,7400,51.5,400,51.16,6500,51.6,400,51.15,1100,51.69,400,51.14,1000,51.75,300,51.1,9600,51.78,50,51.09,200,51.79,2500,51.08,1000,51.8,2500
113,2095.0,2016-03-01,09:32:51.860,51.2,5000,256016,537,0,0,83,283650,14576053,54.64,50.12,303600,160500,51.2,5800,51.3,2700,51.18,1100,51.31,700,51.17,7400,51.4,9000,51.16,6600,51.5,400,51.15,1100,51.6,400,51.14,1000,51.69,400,51.1,9600,51.75,300,51.09,200,51.78,50,51.08,1000,51.79,2500,51.07,100,51.8,2500
114,2095.0,2016-03-01,09:32:54.770,51.2,100,5120,538,0,0,83,283750,14581173,54.62,50.18,304900,169200,51.2,13800,51.3,3700,51.19,500,51.31,700,51.18,1300,51.4,9000,51.17,7400,51.5,400,51.16,6600,51.52,500,51.15,1100,51.6,400,51.14,1000,51.69,400,51.1,9600,51.75,300,51.09,200,51.78,50,51.08,1000,51.79,2500
115,2095.0,2016-03-01,09:32:57.350,51.2,12600,645142,547,0,0,83,296350,15226315,54.62,50.09,305200,155300,51.2,1700,51.3,3600,51.19,500,51.31,700,51.18,1300,51.4,9000,51.17,7400,51.5,400,51.16,6600,51.52,500,51.15,1100,51.6,400,51.14,1000,51.69,400,51.1,9600,51.75,300,51.09,200,51.78,50,51.08,1000,51.79,2500
116,2095.0,2016-03-01,09:33:00.890,51.3,6300,323080,562,0,0,66,302650,15549395,54.66,50.03,302500,146400,51.3,3100,51.31,700,51.2,600,51.4,9000,51.19,600,51.5,400,51.18,1300,51.52,500,51.17,7400,51.6,400,51.16,6600,51.69,400,51.15,1100,51.75,300,51.14,1000,51.78,50,51.1,9600,51.79,2500,51.09,200,51.8,2500
117,2095.0,2016-03-01,09:33:04.150,51.3,2300,117990,567,0,0,83,304950,15667385,54.66,50.06,302900,149900,51.3,1900,51.31,700,51.22,1500,51.4,9000,51.21,200,51.5,400,51.2,3100,51.52,500,51.19,700,51.6,400,51.18,1300,51.69,400,51.17,7200,51.75,300,51.16,6600,51.78,50,51.15,1100,51.79,2500,51.14,1000,51.8,2500
118,2095.0,2016-03-01,09:33:06.390,51.3,2900,148762,577,0,0,83,307850,15816147,54.56,50.05,312000,149200,51.22,1400,51.3,9300,51.21,200,51.31,700,51.2,4200,51.4,8800,51.19,700,51.5,400,51.18,1300,51.52,500,51.17,7200,51.6,400,51.16,6600,51.69,400,51.15,1100,51.75,300,51.14,1000,51.78,50,51.1,9700,51.79,2500
119,2095.0,2016-03-01,09:33:09.960,51.3,3100,158990,585,0,0,66,310950,15975137,54.59,50.05,308400,149200,51.22,900,51.3,7200,51.21,200,51.31,700,51.2,4800,51.4,9100,51.19,700,51.5,400,51.18,1300,51.52,500,51.17,7200,51.6,400,51.16,6600,51.69,400,51.15,1100,51.75,300,51.14,1000,51.78,50,51.1,9700,51.79,500
120,2095.0,2016-03-01,09:33:12.640,51.3,2500,128220,591,0,0,66,313450,16103357,54.61,50.04,306400,147700,51.22,700,51.3,5100,51.21,200,51.31,700,51.2,3300,51.4,9100,51.19,700,51.5,400,51.18,1300,51.52,500,51.17,7200,51.6,400,51.16,6600,51.69,400,51.15,1200,51.75,300,51.14,1000,51.78,50,51.1,9600,51.79,500
121,2095.0,2016-03-01,09:33:15.790,51.3,1800,92332,597,0,0,66,315250,16195689,54.63,50.05,305000,149100,51.22,600,51.3,3600,51.21,200,51.31,700,51.2,4500,51.4,9100,51.19,1000,51.5,400,51.18,1300,51.52,500,51.17,7200,51.6,400,51.16,6600,51.69,400,51.15,1200,51.75,300,51.14,1000,51.78,50,51.1,9600,51.79,500
122,2095.0,2016-03-01,09:33:19.180,51.31,4400,225719,607,0,0,66,319650,16421408,54.68,50.07,300500,152800,51.36,3000,51.4,9100,51.23,1500,51.5,400,51.22,500,51.52,500,51.21,200,51.6,400,51.2,4600,51.69,200,51.19,1000,51.75,300,51.18,1300,51.78,50,51.17,7200,51.79,500,51.16,6600,51.8,2500,51.15,1200,51.88,600
123,2095.0,2016-03-01,09:33:21.900,51.32,3300,169484,611,0,0,83,322950,16590892,54.68,50.06,300700,151400,51.31,200,51.4,9000,51.3,300,51.5,400,51.23,2200,51.52,500,51.22,500,51.6,400,51.21,300,51.69,200,51.2,4800,51.75,300,51.19,900,51.78,50,51.18,1300,51.79,500,51.17,7200,51.8,2500,51.16,6600,51.88,600
124,2095.0,2016-03-01,09:33:24.990,51.35,1000,51357,618,0,0,66,323950,16642249,54.7,50.06,298800,152100,51.31,100,51.4,8100,51.3,300,51.5,400,51.25,100,51.52,500,51.23,2200,51.6,400,51.22,1200,51.69,200,51.21,300,51.75,300,51.2,5000,51.78,50,51.19,900,51.79,500,51.18,1300,51.8,2500,51.17,7200,51.88,600
125,2095.0,2016-03-01,09:33:27.230,51.23,1200,61536,628,0,0,83,325150,16703785,54.7,50.01,298700,144200,51.23,1900,51.4,8000,51.22,1500,51.5,400,51.21,300,51.52,500,51.2,5000,51.6,400,51.19,900,51.69,200,51.18,1300,51.75,300,51.17,1200,51.78,50,51.16,6600,51.79,500,51.15,1200,51.8,2500,51.14,1000,51.88,600
126,2095.0,2016-03-01,09:33:31.140,51.3,900,46240,634,0,0,66,326050,16750025,54.73,50.01,307500,144500,51.25,300,51.4,6400,51.23,2000,51.5,400,51.22,1500,51.52,500,51.21,300,51.6,400,51.2,5000,51.62,100,51.19,900,51.69,200,51.18,1300,51.75,300,51.17,1200,51.78,50,51.16,6600,51.79,500,51.15,1100,51.8,2400
127,2095.0,2016-03-01,09:33:33.790,51.4,2000,102755,640,0,0,66,328050,16852780,54.74,50.01,305100,145000,51.3,1000,51.4,4900,51.25,300,51.5,500,51.23,2000,51.52,500,51.22,1700,51.6,400,51.21,300,51.62,100,51.2,5100,51.69,200,51.19,400,51.75,300,51.18,1300,51.78,50,51.17,1200,51.79,500,51.16,6600,51.8,2400
128,2095.0,2016-03-01,09:33:37.080,51.3,1400,71879,650,0,0,83,329450,16924659,54.74,50.03,304600,146600,51.3,2300,51.4,4400,51.25,400,51.5,500,51.23,2100,51.52,500,51.22,1700,51.6,400,51.21,300,51.62,100,51.2,5400,51.69,200,51.19,400,51.75,300,51.18,1300,51.78,50,51.17,1200,51.79,500,51.16,6600,51.8,2400
129,2095.0,2016-03-01,09:33:40.220,51.4,1700,87380,654,0,0,66,331150,17012039,54.76,50.0,304100,147700,51.3,2700,51.4,2800,51.25,400,51.5,500,51.23,2100,51.52,500,51.22,1700,51.6,400,51.21,300,51.62,100,51.2,5400,51.69,200,51.19,400,51.75,300,51.18,1500,51.78,50,51.17,1200,51.79,500,51.16,6600,51.8,2500
130,2095.0,2016-03-01,09:33:43.220,51.4,3600,184845,665,0,0,66,334750,17196884,54.78,49.99,302500,147300,51.31,100,51.4,1200,51.3,1600,51.5,500,51.25,400,51.52,500,51.23,2100,51.6,400,51.22,1600,51.62,100,51.21,200,51.69,200,51.2,5800,51.75,300,51.19,400,51.78,50,51.18,1500,51.79,500,51.17,1200,51.8,2400
131,2095.0,2016-03-01,09:33:46.070,51.4,900,46259,670,0,0,66,335650,17243143,54.79,50.01,301700,149400,51.32,1000,51.4,400,51.31,100,51.5,400,51.3,1900,51.52,500,51.25,600,51.6,400,51.23,2600,51.62,100,51.22,1600,51.69,200,51.21,200,51.75,300,51.2,5800,51.78,50,51.19,400,51.79,500,51.18,1500,51.8,2400
132,2095.0,2016-03-01,09:33:48.890,51.41,600,30842,673,0,0,66,336250,17273985,54.79,50.08,301300,156800,51.44,200,51.5,400,51.41,200,51.52,500,51.4,6400,51.6,400,51.32,1000,51.62,100,51.31,100,51.69,200,51.3,2100,51.75,300,51.25,1900,51.78,50,51.23,2600,51.79,500,51.22,1500,51.8,2400,51.21,200,51.88,600
133,2095.0,2016-03-01,09:33:51.800,51.4,800,41140,679,0,0,83,337050,17315125,54.79,50.08,301200,158200,51.4,7800,51.5,300,51.32,1000,51.52,500,51.31,100,51.6,400,51.3,2300,51.62,100,51.25,2000,51.69,200,51.23,2600,51.75,300,51.22,1500,51.78,50,51.21,200,51.79,500,51.2,5100,51.8,2400,51.19,400,51.88,600
134,2095.0,2016-03-01,09:33:55.210,51.5,100,5150,680,0,0,66,337150,17320275,54.79,50.1,301100,161800,51.4,9500,51.5,200,51.32,1000,51.52,500,51.31,1700,51.6,400,51.3,2000,51.62,100,51.25,2000,51.69,200,51.23,2600,51.75,300,51.22,1500,51.78,50,51.21,200,51.79,500,51.2,4600,51.8,2400,51.19,400,51.88,600
135,2095.0,2016-03-01,09:33:58.180,51.52,21300,1093577,731,0,0,66,358450,18413852,54.8,49.95,300900,143100,51.52,100,51.6,400,51.4,200,51.62,100,51.32,200,51.69,200,51.22,1300,51.75,300,51.21,200,51.78,50,51.2,4700,51.79,500,51.19,400,51.8,2400,51.18,1500,51.88,600,51.17,1200,51.9,2200,51.16,6600,51.91,700
136,2095.0,2016-03-01,09:34:01.100,51.4,2000,102892,741,0,0,83,360450,18516744,54.76,49.96,304800,144900,51.4,1500,51.5,4100,51.32,200,51.6,400,51.3,900,51.62,100,51.22,1300,51.69,200,51.21,200,51.75,300,51.2,4500,51.78,50,51.19,400,51.79,500,51.18,1500,51.8,2400,51.17,1200,51.88,600,51.16,6600,51.9,2200
137,2095.0,2016-03-01,09:34:04.040,51.5,700,36040,745,0,0,66,361150,18552784,54.77,49.97,304500,145600,51.4,2200,51.5,3500,51.32,200,51.6,400,51.3,900,51.62,100,51.22,1300,51.69,200,51.21,200,51.75,300,51.2,4500,51.78,50,51.19,400,51.79,500,51.18,1500,51.8,2400,51.17,1200,51.88,600,51.16,6600,51.9,2200
138,2095.0,2016-03-01,09:34:07.000,51.5,2600,133890,753,0,0,66,363750,18686674,54.79,49.97,302900,145600,51.4,2300,51.5,1000,51.32,200,51.6,400,51.3,1000,51.69,200,51.22,1300,51.75,300,51.21,200,51.78,50,51.2,4500,51.79,500,51.19,400,51.8,2400,51.18,1500,51.88,600,51.17,1200,51.9,2200,51.16,6500,51.91,700
139,2095.0,2016-03-01,09:34:10.040,51.5,1000,51500,759,0,0,66,364750,18738174,54.79,50.01,299900,149800,51.5,700,51.6,400,51.45,400,51.69,200,51.4,5200,51.75,300,51.32,200,51.78,50,51.3,1200,51.79,500,51.22,1300,51.8,2400,51.21,200,51.88,600,51.2,4500,51.9,2200,51.19,400,51.91,700,51.18,1500,51.92,1200
140,2095.0,2016-03-01,09:34:12.770,51.5,700,36080,763,0,0,83,365450,18774254,54.8,49.98,299700,145800,51.5,2500,51.6,100,51.45,400,51.69,200,51.4,5600,51.75,300,51.32,200,51.78,50,51.3,1200,51.79,500,51.22,1300,51.8,2400,51.21,200,51.88,600,51.2,4500,51.9,2200,51.19,400,51.91,700,51.18,1300,51.92,1200
141,2095.0,2016-03-01,09:34:16.020,51.5,200,10300,765,0,0,83,365650,18784554,54.8,50.03,299800,150400,51.5,7400,51.6,100,51.45,400,51.69,200,51.4,5600,51.75,300,51.33,400,51.78,50,51.32,200,51.79,500,51.3,1400,51.8,2400,51.23,100,51.88,500,51.22,1300,51.9,2200,51.21,200,51.91,700,51.2,4400,51.92,1200
142,2095.0,2016-03-01,09:34:18.780,51.6,100,5160,766,0,0,66,365750,18789714,54.8,50.07,299600,153000,51.62,1400,51.69,200,51.53,500,51.75,300,51.5,9700,51.78,50,51.45,400,51.79,500,51.4,5800,51.8,2400,51.33,400,51.88,500,51.32,200,51.9,2200,51.3,1400,51.91,700,51.23,100,51.92,1200,51.22,1300,51.95,350
143,2095.0,2016-03-01,09:34:22.000,51.62,600,30972,768,0,0,83,366350,18820686,54.8,50.1,299700,156000,51.62,800,51.69,200,51.6,500,51.75,300,51.53,500,51.78,50,51.5,12700,51.79,500,51.45,400,51.8,2400,51.4,5900,51.88,500,51.33,400,51.9,2200,51.32,200,51.91,700,51.3,1400,51.92,1200,51.23,100,51.95,350
144,2095.0,2016-03-01,09:34:24.930,51.6,1800,92896,777,0,0,83,368150,18913582,54.79,50.08,300000,154200,51.53,500,51.6,800,51.5,12900,51.69,200,51.45,400,51.75,300,51.4,5300,51.78,50,51.33,400,51.79,500,51.32,200,51.8,2400,51.3,1400,51.88,500,51.23,100,51.9,1700,51.22,1300,51.91,700,51.21,200,51.92,1200
145,2095.0,2016-03-01,09:34:27.990,51.69,1200,61924,782,0,0,66,369350,18975506,54.84,50.08,295800,153400,51.53,300,51.75,300,51.5,13000,51.78,50,51.4,5000,51.79,500,51.33,400,51.8,2400,51.32,200,51.85,900,51.3,1400,51.88,500,51.23,100,51.9,1700,51.22,1300,51.91,700,51.21,200,51.92,1200,51.2,3500,51.95,350
146,2095.0,2016-03-01,09:34:30.550,51.79,700,36184,787,0,0,66,370050,19011690,54.84,50.11,295900,156200,51.63,200,51.79,450,51.6,1800,51.8,2400,51.53,300,51.85,900,51.5,13400,51.88,500,51.4,5000,51.9,1700,51.33,400,51.91,700,51.32,200,51.92,1200,51.3,2200,51.95,350,51.23,100,51.98,100,51.22,1300,51.99,900
147,2095.0,2016-03-01,09:34:34.090,51.7,100,5170,788,0,0,83,370150,19016860,54.85,50.18,295800,164100,51.7,1100,51.76,200,51.69,1000,51.79,650,51.63,200,51.8,1400,51.6,8500,51.85,900,51.5,13600,51.88,500,51.4,5000,51.9,1700,51.33,400,51.91,700,51.32,200,51.92,1200,51.3,2200,51.95,350,51.22,1300,51.98,100
148,2095.0,2016-03-01,09:34:37.020,51.75,800,41375,790,0,0,66,370950,19058235,54.85,50.17,298500,160700,51.75,300,51.76,200,51.7,600,51.79,650,51.69,3500,51.8,1300,51.63,200,51.85,900,51.6,8500,51.88,500,51.53,200,51.9,1700,51.5,13600,51.91,700,51.4,4800,51.92,1200,51.33,400,51.95,350,51.32,200,51.98,100
149,2095.0,2016-03-01,09:34:40.020,51.79,850,44015,794,0,0,66,371800,19102250,54.86,50.18,297650,161350,51.79,450,51.8,1300,51.75,400,51.85,900,51.69,4300,51.88,500,51.63,200,51.9,1700,51.6,8800,51.91,700,51.54,400,51.92,1200,51.53,200,51.95,350,51.5,13000,51.98,100,51.4,4800,51.99,900,51.33,400,52.0,4450
150,2095.0,2016-03-01,09:34:42.940,51.8,1000,51797,800,0,0,66,372800,19154047,54.87,50.19,296950,161850,51.79,450,51.8,600,51.76,200,51.85,900,51.75,400,51.88,500,51.71,200,51.9,1700,51.69,4600,51.91,700,51.63,200,51.92,1200,51.6,8800,51.95,350,51.54,400,51.98,100,51.53,200,51.99,900,51.5,13000,52.0,4450
151,2095.0,2016-03-01,09:34:45.960,51.8,800,41438,805,0,0,66,373600,19195485,54.87,50.2,297350,163300,51.8,1400,51.85,900,51.79,300,51.88,500,51.76,2900,51.9,1700,51.75,400,51.91,700,51.71,200,51.92,1200,51.69,3600,51.95,350,51.63,200,51.98,100,51.6,8800,51.99,900,51.54,400,52.0,4450,51.53,200,52.02,100
152,2095.0,2016-03-01,09:34:49.120,51.8,1300,67340,807,0,0,83,374900,19262825,54.89,50.19,301350,161300,51.8,600,51.85,900,51.79,800,51.88,500,51.76,3500,51.9,1700,51.75,400,51.91,700,51.7,1100,51.92,1200,51.69,2100,51.95,350,51.63,200,51.98,100,51.6,8800,51.99,900,51.54,400,52.0,4450,51.53,200,52.02,100
153,2095.0,2016-03-01,09:34:52.020,51.8,1900,98492,817,0,0,83,376800,19361317,54.87,50.2,305450,162300,51.8,2100,51.88,300,51.79,800,51.9,1400,51.76,3300,51.91,700,51.75,400,51.92,1200,51.7,1100,51.95,350,51.69,2100,51.98,100,51.63,200,51.99,900,51.6,8800,52.0,4450,51.54,400,52.02,100,51.51,400,52.05,500
154,2095.0,2016-03-01,09:34:54.670,51.85,200,10370,818,0,0,66,377000,19371687,54.86,50.28,307050,170500,51.85,3300,51.88,300,51.84,600,51.89,500,51.82,2000,51.9,1400,51.8,6100,51.91,700,51.79,800,51.92,1200,51.76,2800,51.95,350,51.75,400,51.98,100,51.7,1100,51.99,900,51.69,1900,52.0,4450,51.63,200,52.02,100
155,2095.0,2016-03-01,09:34:58.020,51.85,100,5185,819,0,0,83,377100,19376872,54.86,50.33,306750,176600,51.85,7900,51.88,300,51.84,600,51.89,500,51.82,2600,51.9,1500,51.8,8600,51.91,700,51.79,1000,51.92,1200,51.76,2800,51.95,350,51.75,100,51.98,100,51.7,1100,51.99,900,51.69,1700,52.0,4450,51.63,200,52.02,100
156,2095.0,2016-03-01,09:35:00.830,51.88,400,20749,822,0,0,66,377500,19397621,54.87,50.41,306250,186700,51.88,200,51.89,500,51.87,200,51.9,1500,51.85,8300,51.91,700,51.84,600,51.92,1200,51.82,2600,51.95,350,51.8,18000,51.98,100,51.79,1100,51.99,900,51.76,2600,52.0,4450,51.75,100,52.02,100,51.7,1100,52.05,500
157,2095.0,2016-03-01,09:35:03.940,51.88,3400,176487,834,0,0,83,380900,19574108,54.91,50.45,302250,191700,51.88,600,51.95,150,51.87,100,51.99,900,51.85,9000,52.0,4450,51.84,600,52.02,100,51.82,2600,52.05,500,51.81,1000,52.18,1400,51.8,20300,52.3,200,51.79,900,52.33,700,51.76,2600,52.35,200,51.75,100,52.43,200
158,2095.0,2016-03-01,09:35:06.890,51.85,10200,528920,852,0,0,83,391100,20103028,54.9,50.38,303350,182200,51.9,400,51.95,150,51.88,600,51.99,1000,51.85,200,52.0,4450,51.82,2700,52.02,100,51.81,1000,52.05,500,51.8,20200,52.18,1400,51.79,900,52.2,300,51.76,2600,52.3,200,51.75,100,52.33,700,51.7,1100,52.35,200
159,2095.0,2016-03-01,09:35:10.130,51.95,1850,96073,860,0,0,66,392950,20199101,54.9,50.43,303800,187850,51.95,3850,51.99,1000,51.9,700,52.0,4450,51.88,2000,52.02,100,51.85,400,52.05,500,51.82,2700,52.18,1400,51.81,1000,52.2,300,51.8,21200,52.3,200,51.79,1000,52.33,700,51.76,2600,52.35,200,51.75,100,52.43,200
160,2095.0,2016-03-01,09:35:13.180,52.0,3400,176720,869,0,0,66,396350,20375821,54.92,50.44,301600,187850,51.95,2650,52.0,3550,51.9,1000,52.02,100,51.88,5400,52.05,500,51.85,600,52.18,1400,51.82,2100,52.2,300,51.81,1000,52.3,200,51.8,21200,52.33,700,51.79,1000,52.35,200,51.76,2600,52.43,200,51.75,100,52.44,600
161,2095.0,2016-03-01,09:35:15.840,51.95,2400,124696,875,0,0,83,398750,20500517,54.91,50.43,302400,188150,51.95,1250,51.98,200,51.9,1200,51.99,200,51.88,5400,52.0,3350,51.85,600,52.02,100,51.82,2100,52.05,500,51.81,1000,52.18,1400,51.8,20200,52.2,300,51.79,900,52.28,500,51.76,2600,52.3,200,51.75,100,52.33,700
162,2095.0,2016-03-01,09:35:19.140,52.0,800,41584,879,0,0,66,399550,20542101,54.93,50.46,301600,192350,51.99,600,52.0,3150,51.95,3050,52.02,100,51.9,1300,52.05,500,51.88,5500,52.18,1400,51.85,2500,52.2,300,51.82,2100,52.28,500,51.81,1000,52.3,200,51.8,20200,52.33,700,51.79,800,52.35,200,51.76,2600,52.43,200
163,2095.0,2016-03-01,09:35:21.570,52.0,0,0,879,0,0,66,399550,20542101,54.93,50.48,301700,194650,51.99,600,52.0,3150,51.98,300,52.02,100,51.96,500,52.05,500,51.95,3650,52.18,1400,51.9,1300,52.2,300,51.88,5700,52.28,500,51.85,2600,52.3,200,51.82,2100,52.33,700,51.81,1000,52.35,200,51.8,20200,52.43,200
164,2095.0,2016-03-01,09:35:25.220,52.0,400,20796,883,0,0,66,399950,20562897,54.92,50.49,302400,207150,51.99,5300,52.0,3050,51.98,200,52.02,100,51.96,500,52.05,500,51.95,3750,52.18,1400,51.9,1300,52.2,300,51.88,6000,52.28,500,51.85,2600,52.3,200,51.82,2100,52.33,700,51.81,1000,52.35,200,51.8,19400,52.43,200
165,2095.0,2016-03-01,09:35:28.020,52.0,1000,52000,891,0,0,66,400950,20614897,54.93,50.51,302100,209450,51.99,6000,52.0,2250,51.98,200,52.01,100,51.96,500,52.02,100,51.95,3750,52.05,500,51.9,1300,52.18,1400,51.88,5900,52.2,300,51.85,2700,52.28,500,51.82,2100,52.3,200,51.81,1000,52.33,700,51.8,19400,52.35,200
166,2095.0,2016-03-01,09:35:30.570,52.0,3050,158600,900,0,0,66,404000,20773497,54.95,50.49,299650,205900,52.0,2150,52.01,100,51.99,6500,52.02,100,51.98,200,52.05,500,51.96,500,52.18,1400,51.95,3750,52.2,300,51.9,2000,52.28,500,51.88,5600,52.3,100,51.85,2700,52.33,700,51.82,2100,52.35,200,51.81,1000,52.43,200
167,2095.0,2016-03-01,09:35:33.890,52.0,1500,78082,905,0,0,83,405500,20851579,54.96,50.5,299050,206300,52.01,100,52.18,1100,52.0,3950,52.2,300,51.99,7300,52.28,500,51.98,400,52.3,100,51.96,500,52.33,700,51.95,3050,52.35,200,51.9,2000,52.43,200,51.88,5400,52.44,600,51.85,2700,52.48,700,51.82,2100,52.5,4200
168,2095.0,2016-03-01,09:35:36.890,52.0,6100,317299,927,0,0,83,411600,21168878,54.96,50.47,301350,202500,52.0,3150,52.18,1100,51.99,7300,52.2,300,51.98,400,52.28,500,51.96,500,52.3,100,51.95,3150,52.33,700,51.9,2000,52.35,200,51.88,5400,52.43,200,51.85,2500,52.44,600,51.82,2100,52.48,700,51.8,16500,52.5,4300
169,2095.0,2016-03-01,09:35:40.050,52.01,7789,405034,953,0,0,66,419389,21573912,54.96,50.45,297650,200011,52.01,100,52.1,200,51.99,8261,52.18,1100,51.98,400,52.2,300,51.96,500,52.28,500,51.95,3150,52.3,100,51.9,2000,52.33,700,51.88,5400,52.35,200,51.85,2500,52.43,200,51.82,2100,52.44,600,51.8,16400,52.48,700
170,2095.0,2016-03-01,09:35:43.200,52.5,10200,534274,988,0,0,66,429589,22108186,55.03,50.52,290650,208411,52.5,600,52.55,1000,52.0,6400,52.59,400,51.99,8161,52.6,100,51.98,200,52.65,200,51.96,500,52.67,200,51.95,2950,52.7,100,51.9,2000,52.74,1000,51.88,7500,52.76,500,51.85,2500,52.77,100,51.82,2100,52.78,200
171,2095.0,2016-03-01,09:35:45.670,52.01,1200,62715,993,0,0,83,430789,22170901,55.03,50.4,291150,210111,52.0,6400,52.01,500,51.99,8161,52.55,1000,51.98,200,52.59,400,51.96,500,52.6,100,51.95,2850,52.65,200,51.9,2000,52.67,200,51.88,7400,52.7,100,51.85,400,52.74,1000,51.82,2100,52.76,500,51.8,15900,52.77,100
172,2095.0,2016-03-01,09:35:48.880,52.01,700,36407,996,0,0,66,431489,22207308,55.02,50.44,292150,214211,52.18,200,52.55,1000,52.1,1200,52.59,400,52.02,1100,52.6,100,52.01,2000,52.65,200,52.0,6800,52.67,200,51.99,8161,52.7,100,51.96,500,52.74,1000,51.95,2750,52.76,500,51.9,2000,52.77,100,51.88,7200,52.78,200
173,2095.0,2016-03-01,09:35:51.940,52.1,2000,104576,1001,0,0,83,433489,22311884,55.03,50.43,292350,213611,52.1,500,52.45,100,52.02,1100,52.5,200,52.01,2000,52.55,300,52.0,6800,52.59,700,51.99,8561,52.6,100,51.96,500,52.65,200,51.95,2750,52.67,200,51.9,2000,52.7,100,51.88,7200,52.74,1000,51.85,300,52.76,500
174,2095.0,2016-03-01,09:35:54.740,52.13,700,36723,1006,0,0,66,434189,22348607,55.03,50.46,292050,216211,52.13,100,52.59,700,52.1,1800,52.6,100,52.02,1800,52.65,200,52.01,2200,52.67,200,52.0,8000,52.7,100,51.99,8561,52.74,1000,51.96,500,52.76,500,51.95,2750,52.77,100,51.9,2000,52.78,200,51.88,7200,52.79,500
175,2095.0,2016-03-01,09:35:57.680,52.39,200,10489,1008,0,0,66,434389,22359096,54.94,50.45,302350,215511,52.13,100,52.39,2900,52.1,2100,52.5,900,52.05,100,52.53,900,52.02,1100,52.55,5400,52.01,2300,52.59,700,52.0,7700,52.6,100,51.99,8561,52.65,200,51.96,500,52.67,200,51.95,2750,52.7,100,51.9,2000,52.74,1000
176,2095.0,2016-03-01,09:36:00.940,52.1,600,31263,1012,0,0,83,434989,22390359,54.94,50.44,302450,214411,52.1,1600,52.18,300,52.05,100,52.39,2900,52.02,1100,52.5,1900,52.01,2400,52.53,900,52.0,7700,52.55,5500,51.99,6661,52.59,700,51.96,500,52.6,100,51.95,2750,52.65,200,51.9,2200,52.67,200,51.88,5000,52.7,100
177,2095.0,2016-03-01,09:36:04.170,52.5,5600,293525,1021,0,0,66,440589,22683884,55.0,50.47,295150,217811,52.2,200,52.5,500,52.13,900,52.53,900,52.1,3700,52.55,5500,52.05,200,52.59,700,52.02,1600,52.6,2200,52.01,2500,52.65,200,52.0,7700,52.67,200,51.99,6661,52.7,300,51.96,500,52.74,1000,51.95,2750,52.76,500
178,2095.0,2016-03-01,09:36:06.780,52.48,3800,199444,1030,0,0,83,444389,22883328,54.93,50.46,302650,217111,52.39,100,52.48,5300,52.2,200,52.5,1900,52.13,900,52.53,900,52.1,3700,52.54,200,52.05,200,52.55,5800,52.02,1600,52.59,700,52.01,2500,52.6,2200,52.0,7600,52.65,200,51.99,6661,52.67,200,51.96,500,52.7,300
179,2095.0,2016-03-01,09:36:09.920,52.39,1200,62959,1034,0,0,83,445589,22946287,54.93,50.52,302950,216411,52.39,2000,52.44,200,52.2,200,52.48,4400,52.17,100,52.5,2300,52.13,2200,52.53,900,52.1,3900,52.54,200,52.05,200,52.55,5800,52.02,1600,52.59,700,52.01,2500,52.6,2200,52.0,7600,52.65,200,51.99,6661,52.67,200
180,2095.0,2016-03-01,09:36:13.140,52.48,4200,220123,1045,0,0,66,449789,23166410,54.9,50.51,308650,215011,52.39,100,52.48,3100,52.23,200,52.49,800,52.15,500,52.5,6500,52.13,2200,52.53,900,52.11,1100,52.54,300,52.1,3900,52.55,5800,52.05,200,52.59,700,52.02,1600,52.6,2500,52.01,2000,52.65,200,52.0,7600,52.67,200
181,2095.0,2016-03-01,09:36:16.060,52.5,4100,215180,1052,0,0,66,453889,23381590,54.92,50.51,306050,213111,52.39,100,52.4,100,52.23,200,52.5,7300,52.2,3300,52.53,900,52.15,500,52.54,800,52.13,2200,52.55,5800,52.11,1100,52.59,700,52.1,3500,52.6,2500,52.05,200,52.65,200,52.02,1600,52.67,200,52.01,2000,52.7,300
182,2095.0,2016-03-01,09:36:19.090,52.39,1000,52410,1059,0,0,83,454889,23434000,54.88,50.51,313450,211911,52.23,100,52.47,4200,52.2,3400,52.5,7300,52.15,500,52.53,900,52.13,2200,52.54,800,52.11,1100,52.55,5900,52.1,3500,52.59,700,52.05,200,52.6,2500,52.02,1600,52.65,200,52.01,2000,52.67,200,52.0,7800,52.7,300
183,2095.0,2016-03-01,09:36:21.980,52.5,7500,393562,1071,0,0,66,462389,23827562,54.92,50.52,308450,212811,52.2,3300,52.49,300,52.19,2100,52.5,7300,52.15,500,52.54,800,52.13,2200,52.55,5900,52.11,1100,52.59,700,52.1,3500,52.6,2500,52.05,200,52.65,200,52.02,1600,52.67,200,52.01,2000,52.7,300,52.0,7800,52.74,1000
184,2095.0,2016-03-01,09:36:24.840,52.48,3000,157473,1082,0,0,83,465389,23985035,54.91,50.52,309850,212911,52.44,100,52.49,500,52.39,200,52.5,6700,52.2,3300,52.54,800,52.19,2100,52.55,6000,52.15,500,52.58,300,52.13,2200,52.59,900,52.11,1100,52.6,2500,52.1,4000,52.65,200,52.05,200,52.67,200,52.02,500,52.7,300
185,2095.0,2016-03-01,09:36:28.030,52.39,4200,220445,1095,0,0,83,469589,24205480,54.93,50.48,306950,206450,52.3,100,52.4,100,52.2,3300,52.48,100,52.19,2100,52.49,100,52.15,700,52.5,3900,52.13,2200,52.54,800,52.11,800,52.55,6400,52.1,4000,52.58,300,52.05,200,52.59,900,52.02,500,52.6,2600,52.01,1900,52.65,200
186,2095.0,2016-03-01,09:36:31.180,52.23,3000,157243,1105,0,0,83,472589,24362723,54.88,50.53,321450,212950,52.2,3300,52.23,100,52.19,2100,52.45,5500,52.17,8200,52.49,400,52.15,900,52.5,6600,52.13,2200,52.54,800,52.11,800,52.55,6800,52.1,4000,52.58,300,52.05,200,52.59,900,52.02,500,52.6,2600,52.01,1900,52.65,200
187,2095.0,2016-03-01,09:36:34.120,52.4,1300,68148,1111,0,0,66,473889,24430871,54.89,50.54,323850,213350,52.4,200,52.44,100,52.2,4800,52.45,4600,52.19,2100,52.49,500,52.17,8200,52.5,8200,52.15,900,52.54,800,52.13,2200,52.55,6500,52.11,800,52.58,300,52.1,4000,52.59,900,52.05,200,52.6,2500,52.02,500,52.65,200
188,2095.0,2016-03-01,09:36:36.960,52.45,1200,62933,1115,0,0,66,475089,24493804,54.86,50.54,329650,212650,52.4,100,52.45,3700,52.23,200,52.48,400,52.2,4800,52.49,2300,52.19,2100,52.5,8400,52.17,8200,52.54,800,52.15,900,52.55,6500,52.13,2200,52.58,300,52.11,800,52.59,900,52.1,3500,52.6,2800,52.05,200,52.65,200
189,2095.0,2016-03-01,09:36:40.090,52.2,2400,125806,1121,0,0,83,477489,24619610,54.87,50.54,329750,213350,52.39,200,52.45,1700,52.2,4700,52.48,400,52.19,2100,52.49,3200,52.17,8200,52.5,8800,52.15,900,52.54,800,52.13,2200,52.55,6500,52.1,3500,52.58,300,52.05,200,52.59,900,52.02,500,52.6,2800,52.01,1300,52.65,200
190,2095.0,2016-03-01,09:36:42.950,52.39,5000,261799,1132,0,0,83,482489,24881409,54.85,50.53,333450,212550,52.39,300,52.45,800,52.2,4400,52.46,200,52.19,2100,52.47,200,52.17,8200,52.48,400,52.15,900,52.49,3300,52.13,2200,52.5,9300,52.1,3500,52.54,800,52.05,200,52.55,6500,52.02,500,52.58,300,52.01,1300,52.59,900
191,2095.0,2016-03-01,09:36:46.130,52.44,7691,403382,1141,0,0,66,490180,25284791,54.85,50.6,333950,219059,52.44,6309,52.46,200,52.39,900,52.47,200,52.2,4400,52.48,700,52.19,2100,52.49,3300,52.17,8200,52.5,9200,52.15,900,52.52,500,52.13,2200,52.54,800,52.1,3500,52.55,6500,52.05,200,52.58,300,52.02,500,52.59,900
192,2095.0,2016-03-01,09:36:49.160,52.44,8500,445740,1150,0,0,83,498680,25730531,54.86,50.56,340850,222359,52.45,600,52.46,200,52.44,9,52.47,200,52.4,2900,52.48,1000,52.39,900,52.49,3300,52.3,600,52.5,8700,52.2,4500,52.52,500,52.19,2100,52.54,800,52.17,8200,52.55,7000,52.15,900,52.56,100,52.13,2200,52.58,300
193,2095.0,2016-03-01,09:36:51.330,52.48,2500,131112,1161,0,0,66,501180,25861643,54.87,50.58,342250,217159,52.46,100,52.48,600,52.44,200,52.49,3300,52.4,2209,52.5,9200,52.39,900,52.52,500,52.3,600,52.54,800,52.2,4500,52.55,7000,52.19,2100,52.56,100,52.17,8200,52.58,300,52.15,900,52.59,900,52.13,2200,52.6,2900
194,2095.0,2016-03-01,09:36:54.890,52.4,3809,199603,1168,0,0,83,504989,26061246,54.81,50.56,349741,214650,52.39,700,52.4,1391,52.3,600,52.42,300,52.24,100,52.44,1400,52.2,4600,52.45,4200,52.19,2100,52.48,700,52.17,8200,52.49,3300,52.15,900,52.5,9200,52.13,2200,52.52,500,52.1,3500,52.54,800,52.05,200,52.55,7000
195,2095.0,2016-03-01,09:36:57.840,52.44,2400,125764,1176,0,0,66,507389,26187010,54.78,50.56,357241,214250,52.39,100,52.44,1491,52.3,600,52.45,4200,52.24,100,52.46,300,52.2,4600,52.48,7000,52.19,2100,52.49,3300,52.17,8200,52.5,10200,52.15,900,52.52,500,52.13,2100,52.54,800,52.1,3500,52.55,7000,52.05,200,52.56,100
196,2095.0,2016-03-01,09:37:00.850,52.39,1700,89128,1184,0,0,83,509089,26276138,54.78,50.53,362241,209650,52.24,100,52.39,1400,52.2,4600,52.42,700,52.19,2100,52.44,191,52.17,8200,52.45,4200,52.15,900,52.46,300,52.13,300,52.48,7000,52.1,3500,52.49,3300,52.05,200,52.5,11700,52.02,500,52.52,500,52.01,1800,52.54,800
197,2095.0,2016-03-01,09:37:04.050,52.2,600,31343,1187,0,0,83,509689,26307481,54.77,50.52,364141,208050,52.2,4100,52.39,1600,52.19,2100,52.4,100,52.17,8200,52.42,700,52.15,900,52.44,291,52.13,300,52.45,4200,52.1,3500,52.46,300,52.05,200,52.48,7000,52.02,500,52.49,3000,52.01,1800,52.5,12300,52.0,9700,52.52,500
198,2095.0,2016-03-01,09:37:06.850,52.39,600,31434,1191,0,0,66,510289,26338915,54.75,50.51,370641,207550,52.3,100,52.39,2900,52.2,4100,52.4,100,52.19,2100,52.44,5291,52.17,8200,52.45,4200,52.15,900,52.46,300,52.13,200,52.48,7000,52.1,3500,52.49,3000,52.05,200,52.5,10700,52.02,500,52.52,500,52.01,1800,52.54,800
199,2095.0,2016-03-01,09:37:09.640,52.39,1000,52248,1197,0,0,66,511289,26391163,54.74,50.51,374141,206050,52.2,3400,52.39,2900,52.19,2100,52.4,300,52.17,8200,52.43,300,52.15,900,52.44,5291,52.13,200,52.45,4200,52.1,3500,52.46,300,52.05,200,52.48,7000,52.02,500,52.49,3000,52.01,1800,52.5,11600,52.0,9300,52.52,500
200,2095.0,2016-03-01,09:37:13.180,52.39,2700,141216,1209,0,0,66,513989,26532379,54.74,50.52,380551,207250,52.3,1200,52.39,2500,52.2,2300,52.4,300,52.19,2100,52.43,300,52.17,8200,52.44,6791,52.15,900,52.45,4500,52.13,200,52.46,300,52.1,3000,52.48,6900,52.05,200,52.49,3000,52.02,500,52.5,11600,52.01,2800,52.52,500
201,2095.0,2016-03-01,09:37:15.950,52.3,300,15699,1211,0,0,83,514289,26548078,54.75,50.52,378651,207650,52.3,1000,52.39,2400,52.2,3000,52.4,300,52.19,2100,52.43,300,52.17,8200,52.44,6791,52.15,900,52.45,4500,52.13,200,52.46,300,52.1,3000,52.48,7200,52.05,200,52.49,3200,52.02,500,52.5,10300,52.01,2800,52.52,500
202,2095.0,2016-03-01,09:37:19.110,52.39,3200,167648,1222,0,0,66,517489,26715726,54.76,50.52,377751,207950,52.3,1000,52.4,200,52.2,3100,52.43,300,52.19,2100,52.44,6791,52.17,8200,52.45,4600,52.15,900,52.46,300,52.13,200,52.48,7200,52.1,3000,52.49,3200,52.05,200,52.5,9900,52.02,500,52.52,500,52.01,2800,52.54,500
203,2095.0,2016-03-01,09:37:22.150,52.38,1600,83769,1228,0,0,83,519089,26799495,54.77,50.53,376551,208950,52.3,1400,52.38,200,52.25,500,52.44,6891,52.2,3100,52.45,4200,52.19,2100,52.46,300,52.17,8200,52.48,7200,52.15,900,52.49,3200,52.13,200,52.5,9200,52.1,3000,52.52,500,52.05,200,52.54,500,52.02,500,52.55,7200
204,2095.0,2016-03-01,09:37:24.870,52.3,1500,78490,1235,0,0,83,520589,26877985,54.76,50.54,377451,210450,52.3,700,52.4,200,52.25,500,52.44,6791,52.2,6100,52.45,4400,52.19,2100,52.46,300,52.17,8200,52.48,7200,52.15,900,52.49,3200,52.13,200,52.5,9200,52.1,3000,52.52,500,52.05,200,52.54,500,52.02,500,52.55,7100
205,2095.0,2016-03-01,09:37:27.920,52.38,200,10476,1236,0,0,66,520789,26888461,54.75,50.54,381751,209950,52.3,700,52.38,700,52.25,500,52.39,600,52.2,6300,52.4,200,52.19,2100,52.42,100,52.17,8200,52.44,7191,52.15,900,52.45,4500,52.13,200,52.46,300,52.1,3000,52.48,7200,52.05,200,52.49,3500,52.02,500,52.5,9500
206,2095.0,2016-03-01,09:37:30.980,52.39,4400,230473,1246,0,0,66,525189,27118934,54.73,50.58,385851,216150,52.39,5500,52.4,800,52.3,400,52.42,100,52.25,500,52.44,7191,52.2,6200,52.45,4500,52.19,2100,52.46,300,52.17,8200,52.48,7200,52.15,700,52.49,3500,52.13,200,52.5,13000,52.1,3000,52.52,500,52.08,1000,52.54,500
207,2095.0,2016-03-01,09:37:33.800,52.4,7521,394028,1260,0,0,66,532710,27512962,54.75,50.53,383651,210129,52.3,279,52.44,7091,52.25,500,52.45,4500,52.2,6200,52.46,300,52.19,2100,52.48,7200,52.17,8200,52.49,2300,52.15,700,52.5,13000,52.13,200,52.52,500,52.1,3000,52.54,500,52.08,1000,52.55,7100,52.05,200,52.56,100
208,2095.0,2016-03-01,09:37:36.590,52.4,1600,83840,1268,0,0,32,534310,27596802,54.75,50.59,384751,218129,52.4,4400,52.44,7091,52.3,379,52.45,4500,52.28,900,52.48,7200,52.25,500,52.49,2300,52.2,6400,52.5,13000,52.19,2100,52.52,500,52.17,8200,52.55,7100,52.15,700,52.56,100,52.13,200,52.58,300,52.1,3000,52.59,800
209,2095.0,2016-03-01,09:37:40.210,52.4,4800,251576,1278,0,0,83,539110,27848378,54.75,50.51,387851,204329,52.4,1100,52.42,100,52.39,100,52.43,200,52.38,1000,52.44,7091,52.3,379,52.45,4800,52.28,900,52.48,7200,52.25,500,52.49,2300,52.2,6400,52.5,13000,52.19,2100,52.52,500,52.17,8200,52.55,8100,52.15,700,52.56,100
210,2095.0,2016-03-01,09:37:42.930,52.44,10200,534876,1293,0,0,66,549310,28383254,54.79,50.52,381551,206529,52.4,900,52.42,291,52.39,100,52.45,4800,52.38,1500,52.48,7200,52.3,379,52.49,2300,52.28,900,52.5,13000,52.25,500,52.52,600,52.2,6400,52.55,8100,52.19,2100,52.56,100,52.17,8200,52.58,300,52.15,700,52.59,800
211,2095.0,2016-03-01,09:37:46.040,52.43,1691,88629,1301,0,0,66,551001,28471883,54.78,50.53,384359,207738,52.44,509,52.45,4800,52.39,100,52.48,7200,52.38,1500,52.49,2200,52.3,679,52.5,12700,52.28,900,52.51,200,52.25,1500,52.52,600,52.2,6400,52.55,8100,52.19,2100,52.56,100,52.18,200,52.58,300,52.17,8200,52.59,800
212,2095.0,2016-03-01,09:37:49.130,52.4,1109,58131,1307,0,0,83,552110,28530014,54.76,50.53,390450,207029,52.38,1500,52.4,3291,52.3,579,52.44,500,52.28,900,52.45,4900,52.25,1500,52.48,6900,52.2,6400,52.49,2000,52.19,2100,52.5,12600,52.18,200,52.51,200,52.17,8200,52.52,600,52.15,700,52.55,8100,52.13,200,52.56,100
213,2095.0,2016-03-01,09:37:52.060,52.38,2500,130994,1313,0,0,83,554610,28661008,54.8,50.53,384550,206929,52.38,1200,52.4,1391,52.3,579,52.42,800,52.28,900,52.43,1000,52.25,1500,52.44,700,52.2,6900,52.45,4900,52.19,2100,52.48,500,52.18,200,52.49,2000,52.17,8200,52.5,12600,52.15,700,52.51,200,52.13,200,52.52,600
214,2095.0,2016-03-01,09:37:55.060,52.4,700,36679,1317,0,0,66,555310,28697687,54.81,50.52,385250,207129,52.38,1200,52.4,791,52.3,579,52.42,800,52.28,900,52.43,1000,52.25,1500,52.44,900,52.2,6900,52.45,4900,52.19,2100,52.48,800,52.18,200,52.49,2000,52.17,8200,52.5,12600,52.15,700,52.51,200,52.13,200,52.52,600
215,2095.0,2016-03-01,09:37:57.940,52.43,1691,88627,1326,0,0,66,557001,28786314,54.81,50.5,384459,203838,52.42,309,52.43,900,52.38,1200,52.44,1400,52.3,579,52.45,4900,52.28,900,52.48,800,52.25,1500,52.49,2000,52.2,3800,52.5,12800,52.19,2100,52.51,200,52.18,200,52.52,600,52.17,8200,52.55,7100,52.15,700,52.56,100
216,2095.0,2016-03-01,09:38:01.150,52.4,2000,104862,1335,0,0,83,559001,28891176,54.82,50.55,381959,209738,52.4,509,52.44,700,52.39,2300,52.45,4900,52.38,3700,52.48,800,52.3,579,52.49,2000,52.28,900,52.5,13100,52.25,1500,52.51,200,52.21,500,52.52,600,52.2,4300,52.55,6800,52.19,2100,52.56,100,52.18,200,52.58,300
217,2095.0,2016-03-01,09:38:04.240,52.4,800,41940,1342,0,0,83,559801,28933116,54.82,50.63,383059,218538,52.4,8609,52.44,500,52.39,2300,52.45,5000,52.38,3700,52.48,800,52.3,579,52.49,2000,52.28,900,52.5,13300,52.25,1500,52.51,200,52.21,500,52.52,600,52.2,4300,52.55,6800,52.19,2100,52.56,100,52.18,200,52.58,300
218,2095.0,2016-03-01,09:38:06.910,52.4,1500,78604,1350,0,0,83,561301,29011720,54.8,50.63,384759,219738,52.4,8009,52.41,800,52.39,3300,52.43,200,52.38,3700,52.44,500,52.3,579,52.45,5500,52.28,900,52.48,800,52.25,1500,52.49,2000,52.21,500,52.5,13300,52.2,4300,52.51,200,52.19,2100,52.52,600,52.18,200,52.55,7200
219,2095.0,2016-03-01,09:38:09.940,52.45,2500,131047,1362,0,0,66,563801,29142767,54.81,50.64,384459,220438,52.44,600,52.45,5500,52.43,400,52.48,800,52.4,7709,52.49,2000,52.39,3300,52.5,13800,52.38,3700,52.51,200,52.3,579,52.52,600,52.28,900,52.55,7300,52.25,1500,52.56,100,52.21,500,52.58,300,52.2,4300,52.59,800
220,2095.0,2016-03-01,09:38:13.240,52.4,1202,63020,1370,0,0,83,565003,29205787,54.82,50.63,383359,219036,52.4,8607,52.45,5500,52.39,3600,52.48,800,52.38,3700,52.49,2000,52.3,779,52.5,12700,52.28,900,52.51,200,52.25,1500,52.52,600,52.21,500,52.55,7100,52.2,4300,52.56,100,52.19,2100,52.58,300,52.18,200,52.59,800
221,2095.0,2016-03-01,09:38:15.890,52.43,1700,89117,1375,0,0,66,566703,29294904,54.82,50.65,386259,220836,52.43,1900,52.45,5500,52.4,8207,52.48,800,52.39,3600,52.49,2000,52.38,3700,52.5,12400,52.3,779,52.51,200,52.28,900,52.52,600,52.25,1500,52.55,7100,52.21,500,52.56,100,52.2,4800,52.58,300,52.19,2100,52.59,800
222,2095.0,2016-03-01,09:38:19.100,52.44,2300,120589,1381,0,0,66,569003,29415493,54.81,50.63,389359,218136,52.4,8107,52.44,900,52.39,3600,52.45,5500,52.38,3700,52.48,800,52.3,779,52.49,2000,52.28,900,52.5,12700,52.25,500,52.51,200,52.21,500,52.52,600,52.2,5600,52.55,7100,52.19,2100,52.56,100,52.18,200,52.58,300
223,2095.0,2016-03-01,09:38:21.900,52.4,7900,414319,1398,0,0,83,576903,29829812,54.84,50.63,386359,218236,52.42,200,52.44,1400,52.4,8007,52.45,400,52.39,3600,52.48,800,52.38,3700,52.49,2000,52.3,779,52.5,13700,52.28,900,52.51,200,52.25,500,52.52,600,52.21,500,52.55,7100,52.2,5600,52.56,100,52.19,2100,52.58,300
224,2095.0,2016-03-01,09:38:24.700,52.42,3200,167786,1403,0,0,83,580103,29997598,54.84,50.63,385859,218236,52.42,100,52.44,2000,52.4,8007,52.45,400,52.39,3300,52.46,200,52.38,4000,52.48,800,52.36,100,52.49,2000,52.3,779,52.5,14000,52.28,900,52.51,200,52.25,500,52.52,600,52.21,500,52.55,7100,52.2,5600,52.56,100
225,2095.0,2016-03-01,09:38:28.120,52.43,900,47188,1410,0,0,66,581003,30044786,54.82,50.63,390059,218436,52.4,8007,52.43,100,52.39,3300,52.44,2800,52.38,4000,52.45,2000,52.36,100,52.46,200,52.3,779,52.48,1300,52.28,900,52.49,2000,52.25,500,52.5,14000,52.21,500,52.51,200,52.2,5800,52.52,600,52.19,2100,52.55,6800
226,2095.0,2016-03-01,09:38:30.980,52.44,2000,104877,1420,0,0,66,583003,30149663,54.82,50.63,389578,218036,52.4,8007,52.43,119,52.39,3300,52.44,1700,52.38,4000,52.45,2000,52.36,100,52.46,200,52.3,779,52.48,1300,52.28,900,52.49,2500,52.25,500,52.5,14000,52.21,500,52.51,200,52.2,5800,52.52,600,52.19,2100,52.55,6800
227,2095.0,2016-03-01,09:38:34.000,52.44,1000,52415,1425,0,0,66,584003,30202078,54.82,50.62,393378,217236,52.4,8107,52.44,1819,52.39,2300,52.45,2000,52.38,4000,52.46,200,52.36,100,52.48,1300,52.35,100,52.49,2500,52.3,779,52.5,14000,52.28,900,52.51,200,52.25,500,52.52,600,52.21,500,52.55,6800,52.2,5800,52.56,100
228,2095.0,2016-03-01,09:38:36.800,52.4,500,26200,1429,0,0,83,584503,30228278,54.8,50.62,397478,216536,52.4,7707,52.42,500,52.39,2300,52.43,2500,52.38,4000,52.44,2919,52.36,100,52.45,1700,52.35,100,52.46,200,52.3,679,52.48,1300,52.28,900,52.49,2500,52.25,500,52.5,14200,52.21,500,52.51,200,52.2,5700,52.52,600
229,2095.0,2016-03-01,09:38:39.900,52.43,2700,141522,1438,0,0,66,587203,30369800,54.78,50.6,402478,216236,52.4,6607,52.43,2500,52.39,2300,52.44,5019,52.38,4000,52.45,1900,52.36,100,52.46,900,52.35,100,52.48,1600,52.3,679,52.49,2600,52.28,900,52.5,14200,52.25,500,52.51,200,52.21,500,52.52,600,52.2,5700,52.55,6800
230,2095.0,2016-03-01,09:38:42.410,52.4,2300,120526,1444,0,0,83,589503,30490326,54.79,50.58,402278,213736,52.4,4507,52.43,2300,52.39,2300,52.44,6019,52.38,4000,52.45,1900,52.36,100,52.46,900,52.35,100,52.48,1600,52.3,679,52.49,2700,52.28,900,52.5,12200,52.25,500,52.51,200,52.21,500,52.52,600,52.2,5700,52.55,6500
231,2095.0,2016-03-01,09:38:46.210,52.4,4707,246647,1465,0,0,83,594210,30736973,54.78,50.53,405151,206329,52.39,2300,52.4,1173,52.38,4000,52.42,100,52.36,100,52.43,2300,52.35,100,52.44,6319,52.3,679,52.45,2900,52.28,900,52.46,900,52.25,500,52.48,1600,52.21,500,52.49,2700,52.2,5700,52.5,12200,52.19,2100,52.51,200
232,2095.0,2016-03-01,09:38:48.880,52.4,2100,110043,1472,0,0,66,596310,30847016,54.77,50.55,406951,197429,52.39,2300,52.4,1873,52.38,3500,52.42,1100,52.36,100,52.43,2300,52.35,100,52.44,6319,52.3,679,52.45,2900,52.28,900,52.46,900,52.25,500,52.48,1600,52.21,500,52.49,2700,52.2,5700,52.5,12200,52.19,2100,52.51,200
233,2095.0,2016-03-01,09:38:52.060,52.4,3700,193879,1483,0,0,66,600010,31040895,54.77,50.52,406903,200229,52.39,2200,52.4,925,52.38,1000,52.42,1200,52.36,100,52.43,2400,52.35,100,52.44,6819,52.3,679,52.45,3200,52.28,900,52.46,900,52.25,500,52.48,1600,52.21,500,52.49,2700,52.2,5900,52.5,12000,52.19,2100,52.51,200
234,2095.0,2016-03-01,09:38:55.080,52.39,2100,110023,1490,0,0,83,602110,31150918,54.74,50.51,412603,198929,52.39,500,52.4,5125,52.38,1000,52.42,1200,52.36,100,52.43,2400,52.35,100,52.44,6819,52.3,679,52.45,3200,52.28,900,52.46,900,52.25,500,52.48,1600,52.21,500,52.49,2700,52.2,5900,52.5,12000,52.19,2100,52.51,200
235,2095.0,2016-03-01,09:38:57.790,52.38,1100,57629,1497,0,0,83,603210,31208547,54.73,50.49,413803,196229,52.38,700,52.4,7225,52.36,100,52.42,1100,52.35,100,52.43,1600,52.3,679,52.44,6819,52.25,500,52.45,3200,52.21,500,52.46,900,52.2,5900,52.48,1600,52.19,2100,52.49,2400,52.18,200,52.5,12000,52.17,8200,52.51,200
236,2095.0,2016-03-01,09:39:01.100,52.38,1100,57618,1501,0,0,83,604310,31266165,54.71,50.49,417703,195529,52.36,100,52.38,800,52.35,100,52.39,500,52.3,679,52.4,8825,52.25,500,52.42,1100,52.21,500,52.43,1600,52.2,5900,52.44,6819,52.19,2100,52.45,3100,52.18,200,52.46,900,52.17,8200,52.48,1600,52.15,700,52.49,2400
237,2095.0,2016-03-01,09:39:04.050,52.25,1179,61658,1509,0,0,83,605489,31327823,54.64,50.47,431324,194350,52.25,200,52.3,5021,52.21,500,52.38,1000,52.2,5900,52.39,9400,52.19,2100,52.4,8825,52.18,200,52.42,1100,52.17,8200,52.43,1600,52.15,700,52.44,6819,52.13,200,52.45,3100,52.1,2900,52.46,900,52.08,1000,52.48,1600
238,2095.0,2016-03-01,09:39:07.180,52.29,300,15683,1511,0,0,66,605789,31343506,54.64,50.46,430024,192850,52.25,100,52.29,200,52.21,500,52.3,5021,52.2,4500,52.38,1200,52.19,2100,52.39,10000,52.18,200,52.4,8925,52.17,8200,52.42,1100,52.15,700,52.43,1600,52.13,200,52.44,6819,52.1,2900,52.45,3100,52.08,1000,52.46,900
239,2095.0,2016-03-01,09:39:09.900,52.29,200,10454,1513,0,0,66,605989,31353960,54.64,50.46,430524,192650,52.21,500,52.29,100,52.2,4500,52.3,5021,52.19,2100,52.38,3200,52.18,200,52.39,10000,52.17,8200,52.4,9425,52.15,700,52.42,1100,52.13,200,52.43,1500,52.1,2900,52.44,6319,52.08,1000,52.45,3100,52.05,200,52.46,900
240,2095.0,2016-03-01,09:39:12.380,52.29,0,0,1513,0,0,66,605989,31353960,54.64,50.46,430124,192850,52.21,500,52.25,1100,52.2,4600,52.29,100,52.19,2100,52.3,5121,52.18,200,52.38,3200,52.17,8200,52.39,10300,52.15,700,52.4,9625,52.13,200,52.42,1100,52.1,2900,52.43,1500,52.08,1000,52.44,5519,52.05,200,52.45,3100
241,2095.0,2016-03-01,09:39:16.200,52.25,4700,245370,1530,0,0,66,610689,31599330,54.65,50.41,429224,187550,52.2,400,52.25,700,52.19,2100,52.29,100,52.18,200,52.3,5121,52.17,8200,52.38,1300,52.15,700,52.39,11000,52.13,200,52.4,9525,52.1,2900,52.42,1100,52.08,1000,52.43,1500,52.05,200,52.44,5519,52.02,500,52.45,3100
242,2095.0,2016-03-01,09:39:19.120,52.25,0,0,1530,0,0,66,610689,31599330,54.65,50.41,428424,189150,52.2,400,52.21,300,52.19,2100,52.25,700,52.18,200,52.29,100,52.17,8200,52.3,5321,52.15,700,52.38,500,52.13,200,52.39,11000,52.1,2900,52.4,9325,52.08,1000,52.42,1100,52.05,200,52.43,1500,52.02,500,52.44,5419
243,2095.0,2016-03-01,09:39:20.830,52.2,700,36540,1534,0,0,83,611389,31635870,54.64,50.41,429912,188650,52.19,2100,52.2,4288,52.18,200,52.21,500,52.17,8200,52.25,800,52.15,700,52.29,200,52.13,200,52.3,5321,52.1,2900,52.38,500,52.08,1000,52.39,11000,52.05,200,52.4,6525,52.02,500,52.42,1100,52.01,1600,52.43,1500
244,2095.0,2016-03-01,09:39:25.170,52.21,9000,469766,1546,0,0,66,620389,32105636,54.67,50.38,424812,185150,52.17,7800,52.21,88,52.15,500,52.25,1300,52.13,200,52.3,5221,52.1,2900,52.38,500,52.08,1000,52.39,11000,52.05,200,52.4,6725,52.02,500,52.43,1500,52.01,1600,52.44,5419,52.0,13100,52.45,3600,51.99,1100,52.46,900
245,2095.0,2016-03-01,09:39:28.070,52.19,400,20876,1548,0,0,83,620789,32126512,54.66,50.38,426812,185250,52.17,7800,52.19,900,52.15,500,52.2,2900,52.13,200,52.21,88,52.1,2900,52.25,1300,52.08,1000,52.3,5221,52.05,200,52.38,500,52.02,500,52.39,10200,52.01,1600,52.4,6625,52.0,13100,52.43,1500,51.99,1100,52.44,5019
246,2095.0,2016-03-01,09:39:31.250,52.19,500,26091,1553,0,0,66,621289,32152603,54.66,50.37,426612,184950,52.17,7600,52.19,800,52.15,500,52.2,3100,52.13,200,52.21,88,52.1,2900,52.25,1300,52.08,1000,52.3,5221,52.05,200,52.38,500,52.02,500,52.39,10200,52.01,1600,52.4,5925,52.0,12900,52.43,1500,51.99,1100,52.44,5019
247,2095.0,2016-03-01,09:39:34.130,52.19,1600,83482,1556,0,0,66,622889,32236085,54.63,50.37,433912,184250,52.17,6500,52.19,1000,52.15,500,52.2,3400,52.13,200,52.21,88,52.1,2900,52.25,6300,52.08,1000,52.3,5221,52.05,200,52.38,500,52.02,500,52.39,10200,52.01,1600,52.4,5825,52.0,13400,52.43,1500,51.99,1100,52.44,5019
248,2095.0,2016-03-01,09:39:36.970,52.2,2100,109606,1568,0,0,66,624989,32345691,54.63,50.36,434112,184150,52.17,6400,52.19,100,52.15,500,52.2,5200,52.13,200,52.21,88,52.1,2900,52.25,6300,52.08,1000,52.3,5221,52.05,200,52.38,500,52.02,500,52.39,10000,52.01,1600,52.4,5825,52.0,13400,52.43,1500,51.99,1100,52.44,5019
249,2095.0,2016-03-01,09:39:39.980,52.2,400,20879,1570,0,0,66,625389,32366570,54.63,50.36,434212,184050,52.17,6400,52.19,100,52.15,500,52.2,4900,52.13,200,52.21,88,52.1,2900,52.25,6300,52.08,1000,52.3,5221,52.05,200,52.38,500,52.02,500,52.39,10000,52.01,1600,52.4,5825,52.0,13400,52.43,1500,51.99,1100,52.44,4419
250,2095.0,2016-03-01,09:39:42.840,52.17,400,20868,1573,0,0,83,625789,32387438,54.63,50.36,434412,183850,52.17,6000,52.19,300,52.15,500,52.2,5000,52.13,200,52.21,88,52.1,2900,52.25,6300,52.08,1000,52.3,5221,52.05,200,52.38,500,52.02,500,52.39,9300,52.01,1600,52.4,5825,52.0,13400,52.43,1500,51.99,1100,52.44,4419
251,2095.0,2016-03-01,09:39:44.430,52.17,2100,109557,1575,0,0,83,627889,32496995,54.63,50.35,435612,182550,52.17,3900,52.19,300,52.15,500,52.2,5400,52.13,200,52.21,88,52.1,2900,52.25,6300,52.08,1600,52.3,5221,52.05,200,52.38,500,52.02,500,52.39,9300,52.01,1600,52.4,5825,52.0,13400,52.43,1500,51.99,1100,52.44,4419
252,2095.0,2016-03-01,09:39:48.870,52.17,5100,266108,1584,0,0,83,632989,32763103,54.67,50.32,427691,179850,52.17,400,52.18,100,52.15,600,52.2,4500,52.13,200,52.21,88,52.1,2900,52.25,6300,52.08,1600,52.3,200,52.05,200,52.38,500,52.02,500,52.39,9300,52.01,1600,52.4,5725,52.0,13600,52.43,1500,51.99,1100,52.44,3919
253,2095.0,2016-03-01,09:39:52.010,52.17,800,41743,1589,0,0,83,633789,32804846,54.65,50.31,432291,179650,52.15,600,52.17,3400,52.13,200,52.19,300,52.1,2900,52.2,5600,52.08,1600,52.21,88,52.05,200,52.25,6300,52.02,500,52.3,200,52.01,1600,52.38,500,52.0,13600,52.39,9300,51.99,1100,52.4,5925,51.98,100,52.43,1500
254,2095.0,2016-03-01,09:39:54.680,52.17,100,5217,1590,0,0,66,633889,32810063,54.64,50.31,434291,180250,52.15,600,52.16,100,52.13,200,52.17,3400,52.1,2900,52.19,800,52.08,1600,52.2,5600,52.05,200,52.21,88,52.02,500,52.25,6300,52.01,1600,52.3,1200,52.0,13500,52.38,500,51.99,1100,52.39,9300,51.98,100,52.4,5925
255,2095.0,2016-03-01,09:39:57.840,52.17,600,31295,1595,0,0,66,634489,32841358,54.65,50.31,430506,180050,52.15,400,52.17,5215,52.13,200,52.18,200,52.1,2900,52.19,800,52.08,1600,52.2,5900,52.05,200,52.21,88,52.02,500,52.25,1200,52.01,1600,52.3,1300,52.0,13500,52.38,500,51.99,1100,52.39,9300,51.98,100,52.4,5825
256,2095.0,2016-03-01,09:40:01.170,52.17,2400,125208,1598,0,0,66,636889,32966566,54.66,50.31,429106,179550,52.15,400,52.17,2815,52.13,200,52.19,1000,52.1,2900,52.2,5900,52.08,1600,52.21,88,52.05,200,52.25,1300,52.02,500,52.3,1300,52.01,1600,52.38,500,52.0,13500,52.39,9300,51.99,500,52.4,5825,51.98,100,52.43,1500
257,2095.0,2016-03-01,09:40:03.260,52.15,1400,73032,1603,0,0,83,638289,33039598,54.65,50.3,431306,178850,52.15,100,52.16,600,52.13,200,52.17,4315,52.1,2900,52.19,1100,52.08,1600,52.2,5900,52.05,200,52.21,88,52.02,500,52.25,1300,52.01,1600,52.3,1300,52.0,13500,52.38,500,51.99,500,52.39,9300,51.98,100,52.4,5825
258,2095.0,2016-03-01,09:40:06.470,52.13,300,15641,1605,0,0,83,638589,33055239,54.64,50.28,435081,178150,52.1,2900,52.15,1000,52.08,1600,52.16,1100,52.05,200,52.17,4315,52.02,500,52.19,1200,52.01,1600,52.2,4100,52.0,13500,52.21,88,51.99,500,52.25,1300,51.98,100,52.3,1300,51.95,1050,52.38,500,51.9,2200,52.39,9300
259,2095.0,2016-03-01,09:40:09.730,52.13,0,0,1605,0,0,83,638589,33055239,54.63,50.3,436881,178150,52.1,2900,52.15,2000,52.08,1600,52.16,1100,52.05,200,52.17,4315,52.02,500,52.19,1400,52.01,1600,52.2,4100,52.0,13500,52.21,88,51.99,500,52.25,1300,51.98,100,52.3,1300,51.95,1050,52.36,1000,51.9,2200,52.38,500
260,2095.0,2016-03-01,09:40:13.230,52.1,100,5210,1606,0,0,83,638689,33060449,54.63,50.3,438181,178250,52.1,2800,52.15,3400,52.08,1600,52.16,1100,52.05,200,52.17,4415,52.02,500,52.19,1400,52.01,1600,52.2,3700,52.0,13900,52.21,88,51.99,500,52.25,1300,51.98,100,52.3,1300,51.95,850,52.36,1000,51.9,2200,52.38,500
261,2095.0,2016-03-01,09:40:16.070,52.1,100,5210,1607,0,0,83,638789,33065659,54.59,50.3,445481,178450,52.1,2700,52.15,4400,52.08,1600,52.16,1100,52.05,200,52.17,5415,52.02,500,52.19,1400,52.01,1600,52.2,3800,52.0,14400,52.21,88,51.99,500,52.25,1300,51.98,100,52.3,1300,51.95,850,52.34,100,51.9,2200,52.36,1000
262,2095.0,2016-03-01,09:40:18.930,52.1,0,0,1607,0,0,83,638789,33065659,54.59,50.3,446581,178750,52.1,2700,52.15,4400,52.08,1600,52.16,1100,52.05,200,52.17,5415,52.02,500,52.19,1300,52.01,1600,52.2,3800,52.0,14400,52.21,88,51.99,500,52.25,1200,51.98,100,52.3,1300,51.95,650,52.34,100,51.9,2200,52.36,1000
263,2095.0,2016-03-01,09:40:22.070,52.15,13421,699536,1645,0,0,66,652210,33765195,54.64,50.25,436781,173029,52.15,200,52.17,2915,52.1,1400,52.19,1300,52.01,1379,52.2,3700,52.0,13300,52.21,88,51.99,500,52.25,1200,51.98,100,52.3,1300,51.95,650,52.34,100,51.9,2200,52.36,1000,51.88,2800,52.38,500,51.85,2100,52.39,9000
264,2095.0,2016-03-01,09:40:25.170,52.1,700,36487,1652,0,0,83,652910,33801682,54.64,50.24,436481,173029,52.1,1200,52.14,100,52.01,1379,52.17,1915,52.0,13300,52.19,1100,51.99,500,52.2,3700,51.98,100,52.21,88,51.95,650,52.25,1200,51.9,2200,52.3,1300,51.88,2800,52.34,100,51.85,2100,52.36,1000,51.8,3500,52.38,500
265,2095.0,2016-03-01,09:40:27.540,52.1,1400,72951,1659,0,0,83,654310,33874633,54.64,50.21,436381,167929,52.01,1379,52.17,1815,52.0,13300,52.19,1100,51.99,500,52.2,3700,51.98,100,52.21,88,51.95,650,52.25,1200,51.9,2200,52.3,1300,51.88,2800,52.34,100,51.85,2100,52.36,1000,51.8,3500,52.38,500,51.79,300,52.39,9000
266,2095.0,2016-03-01,09:40:30.660,52.0,4100,213214,1663,0,0,83,658410,34087847,54.64,50.16,437681,162629,52.0,9979,52.1,100,51.99,500,52.15,1500,51.98,100,52.17,1815,51.95,650,52.19,900,51.9,2200,52.2,3700,51.88,2800,52.21,88,51.85,2100,52.25,1200,51.8,3500,52.3,1300,51.79,300,52.34,100,51.76,300,52.36,1000
267,2095.0,2016-03-01,09:40:33.930,52.1,200,10420,1665,0,0,66,658610,34098267,54.61,50.16,442381,162429,52.0,9979,52.1,4600,51.99,500,52.15,1500,51.98,100,52.17,1815,51.95,650,52.19,900,51.9,2200,52.2,3700,51.88,2800,52.21,88,51.85,2100,52.25,1200,51.8,3500,52.3,1300,51.79,300,52.34,100,51.76,300,52.36,1000
268,2095.0,2016-03-01,09:40:37.260,52.1,600,31252,1669,0,0,66,659210,34129519,54.61,50.2,442981,161229,52.02,4700,52.1,4900,52.01,300,52.15,1600,52.0,9979,52.17,1815,51.99,500,52.19,900,51.98,100,52.2,3700,51.95,550,52.21,88,51.9,2200,52.25,1200,51.88,2800,52.3,1300,51.85,2100,52.34,100,51.8,3500,52.36,1000
269,2095.0,2016-03-01,09:40:39.360,52.1,500,26040,1671,0,0,66,659710,34155559,54.61,50.28,442481,168929,52.05,100,52.1,4600,52.02,4700,52.15,1500,52.01,7400,52.17,1815,52.0,9979,52.19,900,51.99,500,52.2,3700,51.98,100,52.21,88,51.95,550,52.25,1200,51.9,2200,52.3,1300,51.88,2800,52.34,100,51.85,2100,52.36,1000
270,2095.0,2016-03-01,09:40:42.740,52.1,1000,52095,1675,0,0,66,660710,34207654,54.61,50.32,445481,172929,52.02,4700,52.1,5300,52.01,10400,52.15,1500,52.0,11079,52.17,1815,51.99,500,52.19,900,51.98,100,52.2,3700,51.95,550,52.21,88,51.9,2200,52.25,1200,51.88,2800,52.3,1300,51.85,2100,52.34,100,51.8,3500,52.36,1000
271,2095.0,2016-03-01,09:40:45.890,52.02,300,15606,1677,0,0,83,661010,34223260,54.6,50.34,447181,174729,52.02,4400,52.1,6200,52.01,12400,52.15,1800,52.0,11179,52.17,1815,51.99,500,52.19,900,51.98,100,52.2,3700,51.95,550,52.21,88,51.9,2200,52.25,1200,51.88,2800,52.3,1300,51.85,2100,52.34,100,51.8,3500,52.36,1000
272,2095.0,2016-03-01,09:40:48.990,52.1,2100,109410,1681,0,0,66,663110,34332670,54.61,50.34,445281,174629,52.02,4400,52.09,400,52.01,12400,52.1,4200,52.0,11179,52.15,1100,51.99,500,52.17,1815,51.98,100,52.19,900,51.95,550,52.2,3700,51.9,2200,52.21,88,51.88,2800,52.25,1200,51.85,2100,52.3,1300,51.8,3500,52.34,100
273,2095.0,2016-03-01,09:40:51.910,52.02,2200,114444,1685,0,0,83,665310,34447114,54.6,50.33,446681,173729,52.02,2200,52.05,100,52.01,12600,52.09,400,52.0,12179,52.1,4700,51.99,500,52.15,1100,51.98,100,52.17,1815,51.95,550,52.19,1200,51.9,2300,52.2,3700,51.88,2800,52.21,88,51.85,2100,52.25,1200,51.8,3500,52.3,1200
274,2095.0,2016-03-01,09:40:54.900,52.1,7700,401145,1708,0,0,66,673010,34848259,54.63,50.38,440881,179129,52.1,4500,52.15,700,52.03,200,52.17,1815,52.02,2200,52.19,1200,52.01,12600,52.2,3700,52.0,12179,52.21,88,51.99,500,52.25,1200,51.98,100,52.3,1000,51.95,550,52.34,100,51.9,2300,52.36,1000,51.88,2800,52.38,500
275,2095.0,2016-03-01,09:40:57.980,52.02,6400,333387,1723,0,0,83,679410,35181646,54.58,50.35,450881,176129,52.02,4000,52.15,400,52.01,12400,52.17,1815,52.0,12279,52.19,1200,51.99,500,52.2,3700,51.98,100,52.21,88,51.95,550,52.25,1200,51.9,2300,52.3,1000,51.88,2800,52.34,100,51.85,2100,52.36,1000,51.8,3500,52.38,500
276,2095.0,2016-03-01,09:41:01.200,52.02,4300,223896,1733,0,0,83,683710,35405542,54.57,50.38,451981,179329,52.06,4400,52.08,1700,52.03,1700,52.1,600,52.02,1900,52.17,1815,52.01,12400,52.19,1200,52.0,12479,52.2,3700,51.99,500,52.21,88,51.98,100,52.25,1200,51.95,550,52.3,1000,51.9,2300,52.34,100,51.88,1800,52.36,1000
277,2095.0,2016-03-01,09:41:03.860,52.06,2500,130180,1738,0,0,83,686210,35535722,54.58,50.38,451281,179029,52.03,8000,52.08,200,52.02,1900,52.1,600,52.01,10400,52.17,1815,52.0,12479,52.19,1200,51.99,500,52.2,3700,51.98,100,52.21,88,51.95,550,52.25,1200,51.9,2300,52.3,1000,51.88,1800,52.34,100,51.85,2100,52.36,1000
278,2095.0,2016-03-01,09:41:06.510,52.1,800,41676,1741,0,0,66,687010,35577398,54.58,50.46,450481,187729,52.11,1100,52.15,100,52.08,5800,52.17,1815,52.06,800,52.19,1200,52.03,8000,52.2,3500,52.02,3000,52.21,88,52.01,10400,52.25,1200,52.0,12479,52.3,1000,51.99,500,52.34,100,51.98,100,52.36,1000,51.95,550,52.38,300
279,2095.0,2016-03-01,09:41:09.730,52.11,1200,62532,1744,0,0,83,688210,35639930,54.58,50.47,450481,188929,52.08,5800,52.09,100,52.06,800,52.1,100,52.05,1000,52.15,100,52.03,8000,52.17,1815,52.02,3000,52.19,1200,52.01,11400,52.2,3500,52.0,12479,52.21,88,51.99,500,52.25,1200,51.98,100,52.3,1000,51.95,550,52.34,100
280,2095.0,2016-03-01,09:41:12.740,52.1,1200,62519,1747,0,0,66,689410,35702449,54.59,50.49,449781,191529,52.1,300,52.15,200,52.08,6300,52.17,1715,52.06,800,52.19,900,52.05,1000,52.2,3500,52.04,3000,52.21,88,52.03,8000,52.25,1200,52.02,3000,52.3,1000,52.01,11500,52.34,100,52.0,10879,52.36,1000,51.99,500,52.38,300
281,2095.0,2016-03-01,09:41:15.790,52.08,600,31254,1750,0,0,83,690010,35733703,54.58,50.43,452481,184029,52.08,6000,52.1,600,52.06,800,52.11,300,52.05,1000,52.15,200,52.04,3000,52.17,1715,52.03,8000,52.19,900,52.02,3100,52.2,3200,52.01,4500,52.21,88,52.0,10879,52.25,700,51.99,500,52.3,1000,51.98,100,52.34,100
282,2095.0,2016-03-01,09:41:18.680,52.1,1000,52100,1753,0,0,66,691010,35785803,54.56,50.4,457081,180329,52.09,200,52.1,400,52.08,6000,52.11,500,52.06,800,52.15,400,52.05,1000,52.17,1715,52.04,3000,52.19,900,52.03,8100,52.2,3200,52.02,3100,52.21,88,52.01,1500,52.25,3700,52.0,10879,52.3,1000,51.99,500,52.34,100
283,2095.0,2016-03-01,09:41:22.180,52.11,1500,78153,1763,0,0,66,692510,35863956,54.57,50.41,455781,181529,52.12,2000,52.15,700,52.08,6200,52.17,1715,52.06,800,52.19,900,52.05,1000,52.2,3200,52.04,3000,52.21,88,52.03,8100,52.25,3700,52.02,3100,52.3,1100,52.01,1500,52.34,100,52.0,10879,52.36,1000,51.99,500,52.38,300
284,2095.0,2016-03-01,09:41:24.720,52.15,900,46932,1771,0,0,66,693410,35910888,54.57,50.44,455581,185529,52.12,1900,52.17,1715,52.1,3000,52.19,900,52.08,7000,52.2,3200,52.06,800,52.21,88,52.05,1000,52.25,3700,52.04,3000,52.3,1100,52.03,8100,52.34,100,52.02,3100,52.36,1000,52.01,1500,52.38,300,52.0,10879,52.39,8900
285,2095.0,2016-03-01,09:41:27.970,52.12,1700,88604,1774,0,0,83,695110,35999492,54.56,50.45,456381,188829,52.12,200,52.15,300,52.1,3100,52.17,1715,52.09,100,52.19,900,52.08,7000,52.2,3200,52.06,800,52.21,88,52.05,1000,52.25,3700,52.04,3000,52.3,1100,52.03,8100,52.34,100,52.02,3100,52.36,1000,52.01,1400,52.38,300
286,2095.0,2016-03-01,09:41:30.730,52.17,1600,83456,1778,0,0,66,696710,36082948,54.58,50.45,452981,189029,52.11,1100,52.17,615,52.1,3100,52.19,900,52.09,100,52.2,3200,52.08,7000,52.21,88,52.06,800,52.25,3700,52.05,1000,52.3,1100,52.04,3000,52.34,100,52.03,7800,52.36,1000,52.02,3100,52.38,300,52.01,1400,52.39,8900
287,2095.0,2016-03-01,09:41:34.030,52.17,0,0,1778,0,0,66,696710,36082948,54.59,50.54,450681,200029,52.15,7000,52.17,615,52.11,1100,52.19,900,52.1,3600,52.2,3200,52.09,100,52.21,88,52.08,6200,52.25,3700,52.06,800,52.3,1100,52.05,1000,52.34,100,52.04,1700,52.36,1000,52.03,7800,52.38,300,52.02,3100,52.39,8900
288,2095.0,2016-03-01,09:41:36.400,52.15,1000,52169,1782,0,0,83,697710,36135117,54.6,50.57,449581,204729,52.17,3100,52.19,715,52.15,8300,52.2,3200,52.11,1100,52.21,88,52.1,3700,52.25,3700,52.09,100,52.3,1100,52.08,6200,52.34,100,52.06,800,52.36,1000,52.05,1000,52.38,300,52.04,1700,52.39,8900,52.03,7800,52.4,3200
289,2095.0,2016-03-01,09:41:39.520,52.17,1900,99123,1786,0,0,83,699610,36234240,54.6,50.65,449566,214929,52.17,5300,52.19,400,52.15,10300,52.2,3200,52.11,1100,52.21,88,52.1,3700,52.25,3700,52.09,100,52.3,1200,52.08,6200,52.34,100,52.06,800,52.36,1000,52.05,7000,52.38,300,52.04,1700,52.39,8900,52.03,7800,52.4,3200
290,2095.0,2016-03-01,09:41:42.930,52.3,8688,453826,1805,0,0,66,708298,36688066,54.64,50.65,440878,216141,52.3,312,52.34,100,52.17,5900,52.36,1000,52.15,10300,52.38,300,52.11,1100,52.39,8900,52.1,3700,52.4,3200,52.09,100,52.43,4400,52.08,6200,52.44,2619,52.06,800,52.45,3200,52.05,7000,52.46,700,52.04,1700,52.48,1300
291,2095.0,2016-03-01,09:41:45.210,52.17,600,31343,1808,0,0,83,708898,36719409,54.64,50.61,439778,210841,52.2,900,52.34,100,52.19,1000,52.36,1000,52.17,1612,52.38,300,52.15,10300,52.39,8900,52.11,1200,52.4,3200,52.1,700,52.43,4400,52.09,100,52.44,2619,52.08,6100,52.45,3200,52.06,800,52.46,700,52.05,7000,52.48,1300
292,2095.0,2016-03-01,09:41:49.110,52.21,5300,276546,1819,0,0,66,714198,36995955,54.65,50.59,439878,210241,52.21,3100,52.34,100,52.15,9412,52.36,1000,52.11,1200,52.38,300,52.1,700,52.39,8900,52.09,100,52.4,3200,52.08,6100,52.43,4400,52.06,800,52.44,2619,52.05,7000,52.45,3200,52.04,1700,52.46,700,52.03,7800,52.48,1300
293,2095.0,2016-03-01,09:41:51.970,52.15,7700,402245,1830,0,0,83,721898,37398200,54.65,50.55,440878,204041,52.17,200,52.39,8200,52.15,6712,52.4,3200,52.11,1200,52.43,4400,52.1,600,52.44,2619,52.09,100,52.45,3200,52.08,6100,52.46,700,52.05,7000,52.48,1300,52.04,1700,52.49,1400,52.03,7800,52.5,14900,52.02,3100,52.51,200
294,2095.0,2016-03-01,09:41:54.970,52.15,0,0,1830,0,0,32,721898,37398200,54.65,50.57,440878,206541,52.34,200,52.39,8200,52.19,1300,52.4,2700,52.17,1300,52.43,4400,52.15,6712,52.44,2619,52.11,1200,52.45,3200,52.1,500,52.46,700,52.09,100,52.48,1300,52.08,6100,52.49,1400,52.05,7000,52.5,14900,52.04,1700,52.51,200
295,2095.0,2016-03-01,09:41:57.590,52.5,30000,1573135,1893,0,0,66,751898,38971335,54.81,50.6,410778,209941,52.34,4400,52.5,9419,52.19,1800,52.51,200,52.17,1300,52.52,600,52.16,400,52.55,16800,52.15,6712,52.56,100,52.11,1200,52.58,300,52.1,500,52.59,800,52.09,100,52.6,2100,52.08,6100,52.65,500,52.05,7000,52.66,4100
296,2095.0,2016-03-01,09:42:01.130,52.34,400,20979,1896,0,0,83,752298,38992314,54.81,50.59,410278,209741,52.34,4500,52.5,9219,52.2,500,52.51,200,52.19,2200,52.52,600,52.17,1400,52.55,16800,52.16,400,52.56,100,52.15,5612,52.59,800,52.11,1100,52.6,2100,52.1,500,52.65,500,52.09,100,52.66,4100,52.08,6100,52.68,100
297,2095.0,2016-03-01,09:42:04.190,52.34,900,47222,1899,0,0,83,753198,39039536,54.79,50.56,413378,205841,52.34,400,52.36,600,52.2,500,52.4,3500,52.19,2400,52.5,8519,52.17,1500,52.51,200,52.16,400,52.52,600,52.15,5612,52.55,16800,52.11,1100,52.56,100,52.1,500,52.59,800,52.09,100,52.6,2100,52.08,6100,52.65,500
298,2095.0,2016-03-01,09:42:06.450,52.34,200,10470,1901,0,0,83,753398,39050006,54.79,50.55,414278,204841,52.34,300,52.36,500,52.2,500,52.39,1000,52.19,2400,52.4,3500,52.17,1500,52.5,8619,52.16,400,52.51,200,52.15,5712,52.52,600,52.11,1100,52.55,16800,52.1,500,52.56,100,52.09,100,52.59,800,52.08,6100,52.6,2100
299,2095.0,2016-03-01,09:42:09.980,52.36,700,36644,1907,0,0,66,754098,39086650,54.78,50.62,414978,212441,52.34,200,52.36,200,52.3,13700,52.39,1000,52.2,500,52.4,3800,52.19,2400,52.5,9219,52.17,1500,52.51,200,52.16,400,52.52,600,52.15,5712,52.55,16800,52.11,1100,52.56,100,52.1,500,52.59,800,52.09,100,52.6,2100
300,2095.0,2016-03-01,09:42:12.780,52.55,25000,1312431,1944,0,0,66,779098,40399081,54.92,50.68,390278,221041,52.4,600,52.55,7419,52.35,400,52.56,100,52.34,200,52.59,800,52.3,13700,52.6,2100,52.2,1700,52.65,500,52.19,2400,52.66,4100,52.17,1500,52.7,100,52.16,400,52.74,1000,52.15,11712,52.77,100,52.11,1100,52.78,200
301,2095.0,2016-03-01,09:42:16.000,52.4,100,5240,1945,0,0,83,779198,40404321,54.92,50.72,392678,226641,52.4,900,52.5,200,52.36,2300,52.55,7419,52.35,400,52.56,100,52.34,300,52.59,800,52.33,1800,52.6,2100,52.3,13700,52.65,500,52.2,1700,52.66,4100,52.19,1900,52.7,100,52.17,1300,52.74,1000,52.16,400,52.77,100
302,2095.0,2016-03-01,09:42:18.560,52.5,3600,188990,1951,0,0,66,782798,40593311,54.92,50.76,392278,230941,52.5,2600,52.55,6219,52.42,100,52.56,100,52.4,2400,52.59,800,52.36,2600,52.6,2100,52.35,400,52.65,500,52.34,300,52.66,4100,52.33,1800,52.7,100,52.3,13700,52.74,1000,52.2,1700,52.77,100,52.19,1900,52.78,200
303,2095.0,2016-03-01,09:42:22.170,52.5,4600,241650,1958,0,0,83,787398,40834961,54.94,50.76,390078,232141,52.5,1600,52.55,3219,52.42,100,52.56,100,52.4,2400,52.59,800,52.36,2900,52.6,2300,52.35,400,52.65,500,52.34,500,52.66,4100,52.33,1800,52.7,100,52.31,1500,52.74,1000,52.3,13700,52.77,100,52.2,1700,52.78,200
304,2095.0,2016-03-01,09:42:25.120,52.5,4300,225865,1967,0,0,83,791698,41060826,54.97,50.73,384278,234341,52.5,4100,52.55,919,52.46,2000,52.56,100,52.42,100,52.59,800,52.4,2400,52.6,2300,52.37,100,52.65,500,52.36,3400,52.66,1000,52.35,400,52.7,100,52.34,500,52.74,1000,52.33,1800,52.77,100,52.31,1500,52.78,200
305,2095.0,2016-03-01,09:42:27.920,52.6,5100,268158,1988,0,0,66,796798,41328984,54.99,50.77,380159,240241,52.6,4100,52.65,500,52.55,1000,52.66,1000,52.5,4500,52.7,100,52.46,2000,52.74,1000,52.42,100,52.77,100,52.4,200,52.78,200,52.39,1000,52.79,600,52.37,100,52.8,3100,52.36,4800,52.81,500,52.34,300,52.85,100
306,2095.0,2016-03-01,09:42:30.980,52.6,1600,84160,1992,0,0,83,798398,41413144,54.99,50.71,380159,230941,52.6,2600,52.65,500,52.55,7200,52.66,1000,52.5,5100,52.7,100,52.46,2000,52.74,1000,52.42,100,52.77,100,52.41,100,52.78,200,52.4,200,52.79,600,52.39,1000,52.8,3100,52.37,100,52.81,500,52.36,3800,52.85,100
307,2095.0,2016-03-01,09:42:33.530,52.66,1500,78947,2001,0,0,66,799898,41492091,55.0,50.75,378659,236441,52.64,600,52.66,900,52.6,2100,52.7,100,52.58,3500,52.74,1000,52.55,7200,52.77,100,52.5,6800,52.78,200,52.46,2000,52.79,600,52.42,100,52.8,3100,52.41,100,52.81,500,52.4,200,52.85,100,52.39,1000,52.88,500
308,2095.0,2016-03-01,09:42:36.920,52.74,2300,121168,2007,0,0,66,802198,41613259,55.01,50.77,377359,238641,52.7,3400,52.74,300,52.65,100,52.77,100,52.64,200,52.78,200,52.63,2000,52.79,600,52.6,2100,52.8,3100,52.58,3500,52.81,500,52.55,7200,52.85,100,52.5,6800,52.88,500,52.46,2000,52.89,1000,52.42,100,52.9,700
309,2095.0,2016-03-01,09:42:39.670,52.7,100,5270,2008,0,0,83,802298,41618529,55.02,50.8,368559,242641,52.7,6700,52.74,300,52.65,300,52.77,100,52.64,200,52.78,200,52.63,2000,52.79,600,52.6,2100,52.8,3100,52.58,3500,52.81,500,52.56,400,52.85,100,52.55,7400,52.88,500,52.5,6700,52.89,1000,52.46,2000,52.9,700
310,2095.0,2016-03-01,09:42:42.990,52.7,300,15810,2010,0,0,83,802598,41634339,55.01,50.78,371159,239541,52.7,9000,52.74,300,52.66,400,52.77,100,52.65,300,52.78,200,52.64,200,52.79,600,52.63,2000,52.8,3100,52.6,2100,52.81,500,52.56,400,52.85,100,52.55,7300,52.88,500,52.5,6200,52.89,1000,52.46,2000,52.9,700
311,2095.0,2016-03-01,09:42:45.990,52.79,1200,63325,2016,0,0,66,803798,41697664,55.02,50.79,370659,239041,52.78,1900,52.79,400,52.77,200,52.8,3100,52.74,1000,52.81,500,52.7,9000,52.85,100,52.66,700,52.88,500,52.65,700,52.89,1000,52.64,300,52.9,700,52.63,2000,52.95,100,52.6,2000,52.97,2100,52.56,400,52.98,1700
312,2095.0,2016-03-01,09:42:48.730,52.8,3300,174216,2028,0,0,66,807098,41871880,55.03,50.81,368659,242241,52.78,900,52.8,1200,52.77,200,52.81,500,52.74,4000,52.85,100,52.7,9900,52.88,300,52.66,600,52.89,1000,52.65,700,52.9,700,52.64,300,52.95,100,52.63,2000,52.97,2100,52.6,2000,52.98,1700,52.56,400,52.99,1400
313,2095.0,2016-03-01,09:42:52.240,52.89,3000,158482,2040,0,0,66,810098,42030362,55.05,50.81,367959,242141,52.84,1200,52.89,400,52.79,900,52.9,700,52.78,600,52.95,100,52.77,200,52.97,2100,52.75,500,52.98,1600,52.74,5300,52.99,1400,52.7,2900,53.0,10800,52.66,500,53.09,100,52.65,700,53.1,200,52.64,500,53.18,2500
314,2095.0,2016-03-01,09:42:55.120,52.88,6300,333277,2056,0,0,83,816398,42363639,55.06,50.84,365659,245041,52.88,4400,52.97,100,52.8,4700,52.98,1600,52.79,1800,52.99,1400,52.78,800,53.0,11700,52.77,200,53.09,100,52.75,500,53.1,200,52.74,5500,53.18,2500,52.71,100,53.25,1000,52.7,2900,53.26,500,52.66,300,53.35,510
315,2095.0,2016-03-01,09:42:57.750,52.88,0,0,2056,0,0,83,816398,42363639,55.06,50.86,366059,247941,52.88,4400,52.97,100,52.87,500,52.98,1600,52.8,8400,52.99,1400,52.79,4400,53.0,11900,52.78,1000,53.09,100,52.77,200,53.1,200,52.75,500,53.18,2500,52.74,5400,53.25,1000,52.71,100,53.26,500,52.7,2900,53.35,510
316,2095.0,2016-03-01,09:43:00.140,52.99,4500,238272,2068,0,0,66,820898,42601911,55.08,50.86,362959,250741,52.88,2900,52.99,100,52.87,600,53.0,11400,52.8,9600,53.01,100,52.79,6200,53.09,100,52.78,1000,53.1,200,52.77,200,53.18,2500,52.75,500,53.25,1000,52.74,5300,53.26,500,52.71,100,53.35,510,52.7,2100,53.38,200
317,2095.0,2016-03-01,09:43:04.120,52.97,7500,397323,2094,0,0,83,828398,42999234,55.1,50.85,359859,248441,52.88,2000,53.0,6400,52.87,600,53.01,100,52.8,11100,53.09,100,52.79,6900,53.1,200,52.78,200,53.18,2500,52.77,200,53.25,1000,52.75,500,53.26,500,52.74,3600,53.3,900,52.71,100,53.35,510,52.7,2100,53.38,200
318,2095.0,2016-03-01,09:43:07.130,52.88,580,30670,2095,0,0,83,828978,43029904,55.1,50.87,360559,251761,52.97,1100,52.99,100,52.9,5800,53.0,7000,52.88,1420,53.01,100,52.87,500,53.09,100,52.8,8600,53.1,200,52.79,6900,53.18,2500,52.78,200,53.25,1000,52.77,200,53.26,500,52.74,3600,53.3,900,52.71,100,53.35,510
319,2095.0,2016-03-01,09:43:10.180,52.99,5500,291423,2116,0,0,66,834478,43321327,55.09,50.85,363159,248761,52.9,5500,52.99,3900,52.88,1620,53.0,4300,52.87,500,53.01,100,52.84,400,53.09,100,52.8,7100,53.1,200,52.79,6400,53.18,2500,52.78,200,53.25,1000,52.77,200,53.26,500,52.74,3600,53.3,900,52.71,100,53.35,510
320,2095.0,2016-03-01,09:43:13.020,52.99,1900,100677,2124,0,0,66,836378,43422004,55.09,50.85,364659,249961,52.9,6000,52.99,2700,52.88,2920,53.0,6700,52.87,500,53.01,100,52.84,400,53.09,100,52.8,5700,53.1,200,52.79,6100,53.18,2500,52.78,200,53.25,1000,52.77,200,53.26,500,52.74,3600,53.3,900,52.71,100,53.35,510
321,2095.0,2016-03-01,09:43:16.120,53.0,5000,264964,2141,0,0,66,841378,43686968,55.11,50.9,360959,255761,52.97,200,53.0,4500,52.95,4900,53.01,100,52.9,6400,53.09,100,52.88,3420,53.1,200,52.87,500,53.18,2500,52.84,400,53.25,1000,52.8,5800,53.26,500,52.79,5900,53.3,900,52.78,200,53.35,510,52.77,200,53.38,200
322,2095.0,2016-03-01,09:43:19.230,52.99,8100,429068,2157,0,0,83,849478,44116036,55.11,50.81,362359,244461,52.99,200,53.0,4300,52.97,700,53.01,100,52.95,1200,53.09,300,52.9,6500,53.1,500,52.88,2120,53.18,2500,52.87,500,53.26,500,52.84,400,53.3,900,52.8,4800,53.35,510,52.79,4900,53.38,200,52.77,200,53.4,100
323,2095.0,2016-03-01,09:43:22.010,53.0,5700,302061,2179,0,0,66,855178,44418097,55.12,50.81,361859,244761,52.99,800,53.0,1700,52.97,300,53.01,100,52.95,1200,53.09,300,52.9,6500,53.1,500,52.88,1620,53.18,2500,52.87,500,53.26,500,52.84,400,53.3,900,52.8,4800,53.33,100,52.79,4900,53.35,510,52.77,200,53.38,200
324,2095.0,2016-03-01,09:43:24.650,53.0,2300,121900,2184,0,0,66,857478,44539997,55.13,50.85,361659,249361,53.0,3700,53.01,100,52.99,2400,53.09,300,52.97,300,53.1,500,52.95,1200,53.17,200,52.9,6500,53.18,2500,52.88,1620,53.26,500,52.87,500,53.3,900,52.84,400,53.33,100,52.8,4800,53.35,510,52.79,4300,53.38,200
325,2095.0,2016-03-01,09:43:28.270,53.0,1600,84868,2194,0,0,83,859078,44624865,55.15,50.91,366449,256961,53.0,12300,53.1,100,52.99,2100,53.17,200,52.97,300,53.18,2700,52.95,1200,53.26,500,52.9,7000,53.3,900,52.88,1620,53.33,100,52.87,500,53.35,200,52.84,400,53.38,200,52.8,4800,53.4,100,52.79,3000,53.41,400
326,2095.0,2016-03-01,09:43:30.970,53.1,600,31860,2198,0,0,66,859678,44656725,55.15,50.92,367049,257161,53.1,1000,53.17,200,53.01,100,53.18,2900,53.0,13200,53.26,500,52.99,2300,53.3,900,52.97,300,53.33,100,52.95,1200,53.35,200,52.9,6700,53.38,200,52.88,1420,53.4,100,52.87,500,53.41,400,52.84,400,53.45,100
327,2095.0,2016-03-01,09:43:33.960,53.07,6900,365931,2214,0,0,83,866578,45022656,55.13,50.88,372473,252961,53.07,600,53.18,2500,53.01,100,53.26,500,53.0,9500,53.3,900,52.99,3500,53.33,100,52.97,300,53.35,200,52.95,1200,53.38,200,52.9,6700,53.4,100,52.88,1420,53.41,400,52.87,500,53.45,100,52.84,400,53.46,2000
328,2095.0,2016-03-01,09:43:37.000,53.15,2500,132838,2220,0,0,66,869078,45155494,55.14,50.89,373073,252941,53.15,400,53.18,2400,53.1,500,53.26,500,53.07,600,53.3,900,53.01,100,53.33,100,53.0,11000,53.35,200,52.99,3400,53.38,200,52.97,300,53.4,100,52.95,1200,53.41,400,52.9,6700,53.45,100,52.88,100,53.46,2000
329,2095.0,2016-03-01,09:43:39.840,53.07,1100,58435,2226,0,0,83,870178,45213929,55.14,50.88,376573,251941,53.07,500,53.1,200,53.02,100,53.18,2300,53.01,200,53.2,200,53.0,11700,53.26,500,52.99,3700,53.3,900,52.97,300,53.33,100,52.95,1200,53.35,200,52.9,6700,53.38,200,52.88,100,53.4,100,52.87,500,53.41,400
330,2095.0,2016-03-01,09:43:43.170,53.15,800,42492,2232,0,0,66,870978,45256421,55.14,50.89,381873,251441,53.1,200,53.18,2000,53.07,300,53.2,200,53.02,100,53.25,1000,53.01,200,53.26,500,53.0,11500,53.3,900,52.99,4800,53.33,100,52.97,300,53.35,200,52.95,1200,53.38,200,52.9,6700,53.4,100,52.88,100,53.41,400
331,2095.0,2016-03-01,09:43:46.080,53.2,3800,202102,2243,0,0,66,874778,45458523,55.15,50.91,379373,254241,53.2,400,53.25,1000,53.18,200,53.26,500,53.1,200,53.29,100,53.07,2200,53.3,900,53.01,200,53.33,100,53.0,12400,53.35,200,52.99,4600,53.38,200,52.97,300,53.4,100,52.95,1200,53.41,400,52.9,6700,53.45,100
332,2095.0,2016-03-01,09:43:49.240,53.1,2400,127480,2257,0,0,83,877178,45586003,55.17,50.9,384274,252341,53.07,1400,53.1,100,53.01,300,53.13,500,53.0,12400,53.2,100,52.99,4600,53.25,1000,52.97,300,53.26,500,52.95,1200,53.29,100,52.9,6700,53.3,1100,52.88,100,53.33,100,52.87,500,53.35,200,52.8,3800,53.38,200
333,2095.0,2016-03-01,09:43:52.080,53.1,4400,233742,2265,0,0,66,881578,45819745,55.1,50.86,402199,248541,53.07,200,53.1,400,53.01,300,53.15,2300,53.0,10400,53.17,100,52.99,4600,53.18,2600,52.97,300,53.2,5100,52.95,1200,53.25,1525,52.9,6700,53.26,500,52.88,100,53.29,100,52.87,500,53.3,1200,52.8,3400,53.33,100
334,2095.0,2016-03-01,09:43:54.870,53.18,11700,622136,2284,0,0,66,893278,46441881,55.15,50.82,393299,240941,53.1,300,53.18,300,53.07,300,53.2,200,53.01,300,53.25,1525,53.0,10200,53.26,500,52.99,2500,53.29,100,52.97,300,53.3,1200,52.95,1200,53.33,100,52.9,6700,53.35,200,52.87,500,53.38,200,52.8,3400,53.4,100
335,2095.0,2016-03-01,09:43:58.070,53.18,2000,106206,2300,0,0,66,895278,46548087,55.12,50.8,397799,238641,53.01,200,53.18,6900,53.0,10100,53.2,500,52.99,3200,53.25,1525,52.97,300,53.26,500,52.95,1200,53.29,100,52.9,6700,53.3,1200,52.87,500,53.33,100,52.8,1600,53.35,200,52.79,600,53.38,200,52.77,200,53.4,100
336,2095.0,2016-03-01,09:44:01.190,53.0,11600,615193,2319,0,0,83,906878,47163280,54.96,50.69,437599,227141,52.99,3200,53.0,20900,52.97,300,53.18,5700,52.95,1200,53.2,13900,52.9,6700,53.24,300,52.87,500,53.25,1825,52.8,1600,53.26,500,52.79,600,53.29,100,52.74,2300,53.3,1200,52.7,1900,53.33,100,52.66,300,53.35,200
337,2095.0,2016-03-01,09:44:04.000,53.0,1100,58300,2324,0,0,66,907978,47221580,54.89,50.7,454274,227941,52.99,3200,53.0,21800,52.97,300,53.1,200,52.95,1200,53.11,800,52.9,6700,53.16,2000,52.87,500,53.17,200,52.8,1600,53.18,5700,52.79,1600,53.2,19900,52.74,2300,53.24,300,52.7,1900,53.25,6800,52.66,300,53.26,500
338,2095.0,2016-03-01,09:44:06.980,53.0,1700,90093,2332,0,0,66,909678,47311673,54.9,50.68,452274,226041,52.99,2500,53.0,20900,52.97,300,53.07,200,52.95,1200,53.1,500,52.9,6700,53.11,800,52.87,500,53.16,2300,52.8,1600,53.17,200,52.79,1600,53.18,5700,52.74,2300,53.2,20700,52.7,900,53.24,300,52.66,300,53.25,6800
339,2095.0,2016-03-01,09:44:09.970,53.0,1800,95399,2337,0,0,66,911478,47407072,54.9,50.68,451674,226141,52.99,2400,53.0,19200,52.97,300,53.07,200,52.95,1200,53.1,600,52.9,6700,53.11,900,52.87,500,53.16,2300,52.8,1600,53.17,200,52.79,1600,53.18,5700,52.74,2300,53.2,20700,52.7,900,53.24,300,52.66,300,53.25,6800
